%YAML 1.1
%TAG !u! tag:unity3d.com,2011:
--- !u!29 &1
OcclusionCullingSettings:
  m_ObjectHideFlags: 0
  serializedVersion: 2
  m_OcclusionBakeSettings:
    smallestOccluder: 5
    smallestHole: 0.25
    backfaceThreshold: 100
  m_SceneGUID: 00000000000000000000000000000000
  m_OcclusionCullingData: {fileID: 0}
--- !u!104 &2
RenderSettings:
  m_ObjectHideFlags: 0
  serializedVersion: 8
  m_Fog: 0
  m_FogColor: {r: 0.5, g: 0.5, b: 0.5, a: 1}
  m_FogMode: 3
  m_FogDensity: 0.01
  m_LinearFogStart: 0
  m_LinearFogEnd: 300
  m_AmbientSkyColor: {r: 0.212, g: 0.227, b: 0.259, a: 1}
  m_AmbientEquatorColor: {r: 0.114, g: 0.125, b: 0.133, a: 1}
  m_AmbientGroundColor: {r: 0.047, g: 0.043, b: 0.035, a: 1}
  m_AmbientIntensity: 1
  m_AmbientMode: 0
  m_SubtractiveShadowColor: {r: 0.42, g: 0.478, b: 0.627, a: 1}
  m_SkyboxMaterial: {fileID: 10304, guid: 0000000000000000f000000000000000, type: 0}
  m_HaloStrength: 0.5
  m_FlareStrength: 1
  m_FlareFadeSpeed: 3
  m_HaloTexture: {fileID: 0}
  m_SpotCookie: {fileID: 10001, guid: 0000000000000000e000000000000000, type: 0}
  m_DefaultReflectionMode: 0
  m_DefaultReflectionResolution: 128
  m_ReflectionBounces: 1
  m_ReflectionIntensity: 1
  m_CustomReflection: {fileID: 0}
  m_Sun: {fileID: 0}
  m_IndirectSpecularColor: {r: 0.18028378, g: 0.22571412, b: 0.30692285, a: 1}
--- !u!157 &3
LightmapSettings:
  m_ObjectHideFlags: 0
  serializedVersion: 11
  m_GIWorkflowMode: 0
  m_GISettings:
    serializedVersion: 2
    m_BounceScale: 1
    m_IndirectOutputScale: 1
    m_AlbedoBoost: 1
    m_TemporalCoherenceThreshold: 1
    m_EnvironmentLightingMode: 0
    m_EnableBakedLightmaps: 1
    m_EnableRealtimeLightmaps: 1
  m_LightmapEditorSettings:
    serializedVersion: 9
    m_Resolution: 2
    m_BakeResolution: 40
    m_TextureWidth: 1024
    m_TextureHeight: 1024
    m_AO: 0
    m_AOMaxDistance: 1
    m_CompAOExponent: 1
    m_CompAOExponentDirect: 0
    m_Padding: 2
    m_LightmapParameters: {fileID: 0}
    m_LightmapsBakeMode: 1
    m_TextureCompression: 1
    m_FinalGather: 0
    m_FinalGatherFiltering: 1
    m_FinalGatherRayCount: 256
    m_ReflectionCompression: 2
    m_MixedBakeMode: 2
    m_BakeBackend: 0
    m_PVRSampling: 1
    m_PVRDirectSampleCount: 32
    m_PVRSampleCount: 500
    m_PVRBounces: 2
    m_PVRFilterTypeDirect: 0
    m_PVRFilterTypeIndirect: 0
    m_PVRFilterTypeAO: 0
    m_PVRFilteringMode: 1
    m_PVRCulling: 1
    m_PVRFilteringGaussRadiusDirect: 1
    m_PVRFilteringGaussRadiusIndirect: 5
    m_PVRFilteringGaussRadiusAO: 2
    m_PVRFilteringAtrousPositionSigmaDirect: 0.5
    m_PVRFilteringAtrousPositionSigmaIndirect: 2
    m_PVRFilteringAtrousPositionSigmaAO: 1
    m_ShowResolutionOverlay: 1
  m_LightingDataAsset: {fileID: 0}
  m_UseShadowmask: 1
--- !u!196 &4
NavMeshSettings:
  serializedVersion: 2
  m_ObjectHideFlags: 0
  m_BuildSettings:
    serializedVersion: 2
    agentTypeID: 0
    agentRadius: 0.5
    agentHeight: 2
    agentSlope: 45
    agentClimb: 0.4
    ledgeDropHeight: 0
    maxJumpAcrossDistance: 0
    minRegionArea: 2
    manualCellSize: 0
    cellSize: 0.16666667
    manualTileSize: 0
    tileSize: 256
    accuratePlacement: 0
    debug:
      m_Flags: 0
  m_NavMeshData: {fileID: 0}
--- !u!43 &130302375
Mesh:
  m_ObjectHideFlags: 0
  m_PrefabParentObject: {fileID: 0}
  m_PrefabInternal: {fileID: 0}
  m_Name: 
  serializedVersion: 8
  m_SubMeshes:
  - serializedVersion: 2
    firstByte: 0
    indexCount: 24
    topology: 0
    baseVertex: 0
    firstVertex: 0
    vertexCount: 8
    localAABB:
      m_Center: {x: 0, y: 0.01, z: 0}
      m_Extent: {x: 1.65, y: 0, z: 1.275}
  m_Shapes:
    vertices: []
    shapes: []
    channels: []
    fullWeights: []
  m_BindPose: []
  m_BoneNameHashes: 
  m_RootBoneNameHash: 0
  m_MeshCompression: 0
  m_IsReadable: 1
  m_KeepVertices: 1
  m_KeepIndices: 1
  m_IndexFormat: 0
  m_IndexBuffer: 000004000100010004000500010005000200020005000600020006000300030006000700030007000000000007000400
  m_Skin: []
  m_VertexData:
    m_CurrentChannels: 13
    m_VertexCount: 8
    m_Channels:
    - stream: 0
      offset: 0
      format: 0
      dimension: 3
    - stream: 0
      offset: 0
      format: 0
      dimension: 0
    - stream: 0
      offset: 12
      format: 0
      dimension: 4
    - stream: 0
      offset: 28
      format: 0
      dimension: 2
    - stream: 0
      offset: 0
      format: 0
      dimension: 0
    - stream: 0
      offset: 0
      format: 0
      dimension: 0
    - stream: 0
      offset: 0
      format: 0
      dimension: 0
    - stream: 0
      offset: 0
      format: 0
      dimension: 0
    m_DataSize: 288
    _typelessdata: 0000c03f0ad7233c000090bf000000000000803f0000803f0000803f00000000000000000000c0bf0ad7233c000090bf000000000000803f0000803f0000803f0000803f000000000000c0bf0ad7233c0000903f000000000000803f0000803f0000803f00000000000000000000c03f0ad7233c0000903f000000000000803f0000803f0000803f0000803f000000003333d33f0ad7233c3333a3bf000000000000803f0000803f00000000000000000000803f3333d3bf0ad7233c3333a3bf000000000000803f0000803f000000000000803f0000803f3333d3bf0ad7233c3333a33f000000000000803f0000803f00000000000000000000803f3333d33f0ad7233c3333a33f000000000000803f0000803f000000000000803f0000803f
  m_CompressedMesh:
    m_Vertices:
      m_NumItems: 0
      m_Range: 0
      m_Start: 0
      m_Data: 
      m_BitSize: 0
    m_UV:
      m_NumItems: 0
      m_Range: 0
      m_Start: 0
      m_Data: 
      m_BitSize: 0
    m_Normals:
      m_NumItems: 0
      m_Range: 0
      m_Start: 0
      m_Data: 
      m_BitSize: 0
    m_Tangents:
      m_NumItems: 0
      m_Range: 0
      m_Start: 0
      m_Data: 
      m_BitSize: 0
    m_Weights:
      m_NumItems: 0
      m_Data: 
      m_BitSize: 0
    m_NormalSigns:
      m_NumItems: 0
      m_Data: 
      m_BitSize: 0
    m_TangentSigns:
      m_NumItems: 0
      m_Data: 
      m_BitSize: 0
    m_FloatColors:
      m_NumItems: 0
      m_Range: 0
      m_Start: 0
      m_Data: 
      m_BitSize: 0
    m_BoneIndices:
      m_NumItems: 0
      m_Data: 
      m_BitSize: 0
    m_Triangles:
      m_NumItems: 0
      m_Data: 
      m_BitSize: 0
    m_UVInfo: 0
  m_LocalAABB:
    m_Center: {x: 0, y: 0.01, z: 0}
    m_Extent: {x: 1.65, y: 0, z: 1.275}
  m_MeshUsageFlags: 0
  m_BakedConvexCollisionMesh: 
  m_BakedTriangleCollisionMesh: 
  m_MeshOptimized: 0
--- !u!1 &339684171
GameObject:
  m_ObjectHideFlags: 0
  m_PrefabParentObject: {fileID: 0}
  m_PrefabInternal: {fileID: 0}
  serializedVersion: 5
  m_Component:
  - component: {fileID: 339684175}
  - component: {fileID: 339684174}
  - component: {fileID: 339684173}
  - component: {fileID: 339684172}
  m_Layer: 8
  m_Name: Ground
  m_TagString: Untagged
  m_Icon: {fileID: 0}
  m_NavMeshLayer: 0
  m_StaticEditorFlags: 0
  m_IsActive: 1
--- !u!23 &339684172
MeshRenderer:
  m_ObjectHideFlags: 0
  m_PrefabParentObject: {fileID: 0}
  m_PrefabInternal: {fileID: 0}
  m_GameObject: {fileID: 339684171}
  m_Enabled: 1
  m_CastShadows: 1
  m_ReceiveShadows: 1
  m_DynamicOccludee: 1
  m_MotionVectors: 1
  m_LightProbeUsage: 1
  m_ReflectionProbeUsage: 1
  m_Materials:
  - {fileID: 2100000, guid: aaaa59e2bb04be54b94ca6dd1a4f9a69, type: 2}
  m_StaticBatchInfo:
    firstSubMesh: 0
    subMeshCount: 0
  m_StaticBatchRoot: {fileID: 0}
  m_ProbeAnchor: {fileID: 0}
  m_LightProbeVolumeOverride: {fileID: 0}
  m_ScaleInLightmap: 1
  m_PreserveUVs: 1
  m_IgnoreNormalsForChartDetection: 0
  m_ImportantGI: 0
  m_StitchLightmapSeams: 0
  m_SelectedEditorRenderState: 3
  m_MinimumChartSize: 4
  m_AutoUVMaxDistance: 0.5
  m_AutoUVMaxAngle: 89
  m_LightmapParameters: {fileID: 0}
  m_SortingLayerID: 0
  m_SortingLayer: 0
  m_SortingOrder: 0
--- !u!64 &339684173
MeshCollider:
  m_ObjectHideFlags: 0
  m_PrefabParentObject: {fileID: 0}
  m_PrefabInternal: {fileID: 0}
  m_GameObject: {fileID: 339684171}
  m_Material: {fileID: 0}
  m_IsTrigger: 0
  m_Enabled: 1
  serializedVersion: 3
  m_Convex: 0
  m_CookingOptions: 14
  m_SkinWidth: 0.01
  m_Mesh: {fileID: 10209, guid: 0000000000000000e000000000000000, type: 0}
--- !u!33 &339684174
MeshFilter:
  m_ObjectHideFlags: 0
  m_PrefabParentObject: {fileID: 0}
  m_PrefabInternal: {fileID: 0}
  m_GameObject: {fileID: 339684171}
  m_Mesh: {fileID: 10209, guid: 0000000000000000e000000000000000, type: 0}
--- !u!4 &339684175
Transform:
  m_ObjectHideFlags: 0
  m_PrefabParentObject: {fileID: 0}
  m_PrefabInternal: {fileID: 0}
  m_GameObject: {fileID: 339684171}
  m_LocalRotation: {x: 0, y: 0, z: 0, w: 1}
  m_LocalPosition: {x: 0, y: 0, z: 0}
  m_LocalScale: {x: 5, y: 5, z: 5}
  m_Children: []
  m_Father: {fileID: 0}
  m_RootOrder: 1
  m_LocalEulerAnglesHint: {x: 0, y: 0, z: 0}
--- !u!21 &562713447
Material:
  serializedVersion: 6
  m_ObjectHideFlags: 0
  m_PrefabParentObject: {fileID: 0}
  m_PrefabInternal: {fileID: 0}
  m_Name: Head_LOD0
  m_Shader: {fileID: 4800000, guid: b5f9959f7b6042c4eac31c2b58eb6cc2, type: 3}
  m_ShaderKeywords: _ALPHATEST_ON _DETAIL_MULX2 _NORMALMAP _SPECGLOSSMAP
  m_LightmapFlags: 5
  m_EnableInstancingVariants: 0
  m_DoubleSidedGI: 0
  m_CustomRenderQueue: 2450
  stringTagMap:
    RenderType: TransparentCutout
  disabledShaderPasses: []
  m_SavedProperties:
    serializedVersion: 3
    m_TexEnvs:
    - _AlphaTex:
        m_Texture: {fileID: 0}
        m_Scale: {x: 1, y: 1}
        m_Offset: {x: 0, y: 0}
    - _BumpMap:
        m_Texture: {fileID: 2800000, guid: b0dd1a37592d54f8798ffa4ec34490b5, type: 3}
        m_Scale: {x: 1, y: 1}
        m_Offset: {x: 0, y: 0}
    - _DetailAlbedoMap:
        m_Texture: {fileID: 0}
        m_Scale: {x: 1, y: 1}
        m_Offset: {x: 0, y: 0}
    - _DetailMask:
        m_Texture: {fileID: 0}
        m_Scale: {x: 1, y: 1}
        m_Offset: {x: 0, y: 0}
    - _DetailNormalMap:
        m_Texture: {fileID: 2800000, guid: aac78f72298ebf7479cb1b1f74373869, type: 3}
        m_Scale: {x: 1, y: 1}
        m_Offset: {x: 0, y: 0}
    - _EmissionMap:
        m_Texture: {fileID: 0}
        m_Scale: {x: 1, y: 1}
        m_Offset: {x: 0, y: 0}
    - _MainTex:
        m_Texture: {fileID: 2800000, guid: bf5ef63f47372324da3a86bd5660ae00, type: 3}
        m_Scale: {x: 1, y: 1}
        m_Offset: {x: 0, y: 0}
    - _OcclusionMap:
        m_Texture: {fileID: 0}
        m_Scale: {x: 1, y: 1}
        m_Offset: {x: 0, y: 0}
    - _Overlay:
        m_Texture: {fileID: 0}
        m_Scale: {x: 1, y: 1}
        m_Offset: {x: 0, y: 0}
    - _ParallaxMap:
        m_Texture: {fileID: 0}
        m_Scale: {x: 1, y: 1}
        m_Offset: {x: 0, y: 0}
    - _SpecGlossMap:
        m_Texture: {fileID: 2800000, guid: bb84d079d1be44e309a1aaad74bcf4cf, type: 3}
        m_Scale: {x: 1, y: 1}
        m_Offset: {x: 0, y: 0}
    m_Floats:
    - _BumpScale: 1
    - _CullMode: 2
    - _Cutoff: 0.5
    - _DetailNormalMapScale: 1
    - _DstBlend: 0
    - _EmissionScaleUI: 0
    - _Glossiness: 0.5
    - _Mode: 1
    - _OcclusionStrength: 1
    - _Parallax: 0.02
    - _PlaneReflectionBumpClamp: 0.05
    - _PlaneReflectionBumpScale: 0.4
    - _SmoothnessInAlbedo: 0
    - _SmoothnessTweak1: 1
    - _SmoothnessTweak2: 0
    - _SrcBlend: 1
    - _UVSec: 0
    - _ZWrite: 1
    m_Colors:
    - _Color: {r: 1, g: 1, b: 1, a: 1}
    - _EmissionColor: {r: 0, g: 0, b: 0, a: 1}
    - _EmissionColorUI: {r: 1, g: 1, b: 1, a: 1}
    - _OverlayColor: {r: 0, g: 0, b: 0, a: 0}
    - _SpecColor: {r: 0.2, g: 0.2, b: 0.2, a: 1}
    - _SpecularMapColorTweak: {r: 1, g: 1, b: 1, a: 1}
--- !u!1001 &1166370275
Prefab:
  m_ObjectHideFlags: 0
  serializedVersion: 2
  m_Modification:
    m_TransformParent: {fileID: 0}
    m_Modifications:
    - target: {fileID: 4863485209694936, guid: 075f18a7a9992f04eab3301d008217a1, type: 2}
      propertyPath: m_LocalPosition.x
      value: 0
      objectReference: {fileID: 0}
    - target: {fileID: 4863485209694936, guid: 075f18a7a9992f04eab3301d008217a1, type: 2}
      propertyPath: m_LocalPosition.y
      value: 0
      objectReference: {fileID: 0}
    - target: {fileID: 4863485209694936, guid: 075f18a7a9992f04eab3301d008217a1, type: 2}
      propertyPath: m_LocalPosition.z
      value: -2.285
      objectReference: {fileID: 0}
    - target: {fileID: 4863485209694936, guid: 075f18a7a9992f04eab3301d008217a1, type: 2}
      propertyPath: m_LocalRotation.x
      value: 0
      objectReference: {fileID: 0}
    - target: {fileID: 4863485209694936, guid: 075f18a7a9992f04eab3301d008217a1, type: 2}
      propertyPath: m_LocalRotation.y
      value: 1
      objectReference: {fileID: 0}
    - target: {fileID: 4863485209694936, guid: 075f18a7a9992f04eab3301d008217a1, type: 2}
      propertyPath: m_LocalRotation.z
      value: 0
      objectReference: {fileID: 0}
    - target: {fileID: 4863485209694936, guid: 075f18a7a9992f04eab3301d008217a1, type: 2}
      propertyPath: m_LocalRotation.w
      value: 0
      objectReference: {fileID: 0}
    - target: {fileID: 4863485209694936, guid: 075f18a7a9992f04eab3301d008217a1, type: 2}
      propertyPath: m_RootOrder
      value: 2
      objectReference: {fileID: 0}
    - target: {fileID: 137954805135742822, guid: 075f18a7a9992f04eab3301d008217a1,
        type: 2}
      propertyPath: m_Materials.Array.data[0]
      value: 
      objectReference: {fileID: 1310836469}
    - target: {fileID: 137954805135742822, guid: 075f18a7a9992f04eab3301d008217a1,
        type: 2}
      propertyPath: m_Materials.Array.data[1]
      value: 
      objectReference: {fileID: 1330544840}
    - target: {fileID: 137954805135742822, guid: 075f18a7a9992f04eab3301d008217a1,
        type: 2}
      propertyPath: m_Materials.Array.data[2]
      value: 
      objectReference: {fileID: 562713447}
    - target: {fileID: 114704282652197834, guid: 075f18a7a9992f04eab3301d008217a1,
        type: 2}
      propertyPath: target
      value: 
      objectReference: {fileID: 1222123323}
    - target: {fileID: 114704282652197834, guid: 075f18a7a9992f04eab3301d008217a1,
        type: 2}
      propertyPath: lookTarget
      value: 
      objectReference: {fileID: 1222123323}
    m_RemovedComponents: []
  m_ParentPrefab: {fileID: 100100000, guid: 075f18a7a9992f04eab3301d008217a1, type: 2}
  m_IsPrefabParent: 0
--- !u!4 &1222123323 stripped
Transform:
  m_PrefabParentObject: {fileID: 4925082172571790, guid: daeb2b7567b706d4695a33fd4deffca9,
    type: 2}
  m_PrefabInternal: {fileID: 1355888956}
--- !u!21 &1310836469
Material:
  serializedVersion: 6
  m_ObjectHideFlags: 0
  m_PrefabParentObject: {fileID: 0}
  m_PrefabInternal: {fileID: 0}
  m_Name: EyeAndLash
  m_Shader: {fileID: 4800000, guid: d545c46e658620143abf0bf746b90a19, type: 3}
  m_ShaderKeywords: 
  m_LightmapFlags: 5
  m_EnableInstancingVariants: 0
  m_DoubleSidedGI: 0
  m_CustomRenderQueue: -1
  stringTagMap: {}
  disabledShaderPasses: []
  m_SavedProperties:
    serializedVersion: 3
    m_TexEnvs:
    - _MainTex:
        m_Texture: {fileID: 2800000, guid: 50988ebd9d699964b8d31d8f1ea0e21c, type: 3}
        m_Scale: {x: 1, y: 1}
        m_Offset: {x: 0, y: 0}
    m_Floats:
    - _Spread: 64
    m_Colors:
    - _Color: {r: 1, g: 1, b: 1, a: 1}
--- !u!21 &1330544840
Material:
  serializedVersion: 6
  m_ObjectHideFlags: 0
  m_PrefabParentObject: {fileID: 0}
  m_PrefabInternal: {fileID: 0}
  m_Name: Body_LOD0
  m_Shader: {fileID: 4800000, guid: b5f9959f7b6042c4eac31c2b58eb6cc2, type: 3}
  m_ShaderKeywords: _ALPHATEST_ON _DETAIL_MULX2 _NORMALMAP _SPECGLOSSMAP
  m_LightmapFlags: 5
  m_EnableInstancingVariants: 0
  m_DoubleSidedGI: 0
  m_CustomRenderQueue: 2450
  stringTagMap:
    RenderType: TransparentCutout
  disabledShaderPasses: []
  m_SavedProperties:
    serializedVersion: 3
    m_TexEnvs:
    - _AlphaTex:
        m_Texture: {fileID: 1789016575}
        m_Scale: {x: 1, y: 1}
        m_Offset: {x: 0, y: 0}
    - _BumpMap:
        m_Texture: {fileID: 2800000, guid: 45338ebc0d88b4ad2b70a690df0522f4, type: 3}
        m_Scale: {x: 1, y: 1}
        m_Offset: {x: 0, y: 0}
    - _DetailAlbedoMap:
        m_Texture: {fileID: 0}
        m_Scale: {x: 1, y: 1}
        m_Offset: {x: 0, y: 0}
    - _DetailMask:
        m_Texture: {fileID: 0}
        m_Scale: {x: 1, y: 1}
        m_Offset: {x: 0, y: 0}
    - _DetailNormalMap:
        m_Texture: {fileID: 2800000, guid: 0ff56e8ce28af470895f06e8788f4eef, type: 3}
        m_Scale: {x: 1, y: 1}
        m_Offset: {x: 0, y: 0}
    - _EmissionMap:
        m_Texture: {fileID: 0}
        m_Scale: {x: 1, y: 1}
        m_Offset: {x: 0, y: 0}
    - _MainTex:
        m_Texture: {fileID: 2800000, guid: d9dd1b4c185db4a6a85a7ee3730bd746, type: 3}
        m_Scale: {x: 1, y: 1}
        m_Offset: {x: 0, y: 0}
    - _OcclusionMap:
        m_Texture: {fileID: 0}
        m_Scale: {x: 1, y: 1}
        m_Offset: {x: 0, y: 0}
    - _Overlay:
        m_Texture: {fileID: 0}
        m_Scale: {x: 1, y: 1}
        m_Offset: {x: 0, y: 0}
    - _ParallaxMap:
        m_Texture: {fileID: 0}
        m_Scale: {x: 1, y: 1}
        m_Offset: {x: 0, y: 0}
    - _SpecGlossMap:
        m_Texture: {fileID: 2800000, guid: c705a62df1cf14ccd947a71e99faac34, type: 3}
        m_Scale: {x: 1, y: 1}
        m_Offset: {x: 0, y: 0}
    m_Floats:
    - _BumpScale: 1
    - _CullMode: 2
    - _Cutoff: 0.5
    - _DetailNormalMapScale: 1
    - _DstBlend: 0
    - _EmissionScaleUI: 0
    - _Glossiness: 0.5
    - _Mode: 1
    - _OcclusionStrength: 1
    - _Parallax: 0.02
    - _PlaneReflectionBumpClamp: 0.05
    - _PlaneReflectionBumpScale: 0.4
    - _SmoothnessInAlbedo: 0
    - _SmoothnessTweak1: 1
    - _SmoothnessTweak2: 0
    - _SrcBlend: 1
    - _UVSec: 0
    - _ZWrite: 1
    m_Colors:
    - _Color: {r: 1, g: 1, b: 1, a: 1}
    - _EmissionColor: {r: 0, g: 0, b: 0, a: 1}
    - _EmissionColorUI: {r: 1, g: 1, b: 1, a: 1}
    - _OverlayColor: {r: 0, g: 0, b: 0, a: 0}
    - _SpecColor: {r: 0.2, g: 0.2, b: 0.2, a: 1}
    - _SpecularMapColorTweak: {r: 1, g: 1, b: 1, a: 1}
--- !u!1001 &1355888956
Prefab:
  m_ObjectHideFlags: 0
  serializedVersion: 2
  m_Modification:
    m_TransformParent: {fileID: 0}
    m_Modifications:
    - target: {fileID: 4287191284823392, guid: daeb2b7567b706d4695a33fd4deffca9, type: 2}
      propertyPath: m_LocalPosition.x
      value: -0.16908085
      objectReference: {fileID: 0}
    - target: {fileID: 4287191284823392, guid: daeb2b7567b706d4695a33fd4deffca9, type: 2}
      propertyPath: m_LocalPosition.y
      value: 0.049
      objectReference: {fileID: 0}
    - target: {fileID: 4287191284823392, guid: daeb2b7567b706d4695a33fd4deffca9, type: 2}
      propertyPath: m_LocalPosition.z
      value: -2.822
      objectReference: {fileID: 0}
    - target: {fileID: 4287191284823392, guid: daeb2b7567b706d4695a33fd4deffca9, type: 2}
      propertyPath: m_LocalRotation.x
      value: 0
      objectReference: {fileID: 0}
    - target: {fileID: 4287191284823392, guid: daeb2b7567b706d4695a33fd4deffca9, type: 2}
      propertyPath: m_LocalRotation.y
      value: 0
      objectReference: {fileID: 0}
    - target: {fileID: 4287191284823392, guid: daeb2b7567b706d4695a33fd4deffca9, type: 2}
      propertyPath: m_LocalRotation.z
      value: 0
      objectReference: {fileID: 0}
    - target: {fileID: 4287191284823392, guid: daeb2b7567b706d4695a33fd4deffca9, type: 2}
      propertyPath: m_LocalRotation.w
      value: 1
      objectReference: {fileID: 0}
    - target: {fileID: 4287191284823392, guid: daeb2b7567b706d4695a33fd4deffca9, type: 2}
      propertyPath: m_RootOrder
      value: 3
      objectReference: {fileID: 0}
    - target: {fileID: 33701195785265318, guid: daeb2b7567b706d4695a33fd4deffca9,
        type: 2}
      propertyPath: m_Mesh
      value: 
      objectReference: {fileID: 130302375}
    - target: {fileID: 23077061907649462, guid: daeb2b7567b706d4695a33fd4deffca9,
        type: 2}
      propertyPath: m_Materials.Array.data[0]
      value: 
      objectReference: {fileID: 2018217355}
    m_RemovedComponents: []
  m_ParentPrefab: {fileID: 100100000, guid: daeb2b7567b706d4695a33fd4deffca9, type: 2}
  m_IsPrefabParent: 0
--- !u!1 &1567721663
GameObject:
  m_ObjectHideFlags: 0
  m_PrefabParentObject: {fileID: 0}
  m_PrefabInternal: {fileID: 0}
  serializedVersion: 5
  m_Component:
  - component: {fileID: 1567721665}
  - component: {fileID: 1567721664}
  m_Layer: 0
  m_Name: Directional Light
  m_TagString: Untagged
  m_Icon: {fileID: 0}
  m_NavMeshLayer: 0
  m_StaticEditorFlags: 0
  m_IsActive: 1
--- !u!108 &1567721664
Light:
  m_ObjectHideFlags: 0
  m_PrefabParentObject: {fileID: 0}
  m_PrefabInternal: {fileID: 0}
  m_GameObject: {fileID: 1567721663}
  m_Enabled: 1
  serializedVersion: 8
  m_Type: 1
  m_Color: {r: 1, g: 0.95686275, b: 0.8392157, a: 1}
  m_Intensity: 1
  m_Range: 10
  m_SpotAngle: 30
  m_CookieSize: 10
  m_Shadows:
    m_Type: 2
    m_Resolution: -1
    m_CustomResolution: -1
    m_Strength: 1
    m_Bias: 0.05
    m_NormalBias: 0.4
    m_NearPlane: 0.2
  m_Cookie: {fileID: 0}
  m_DrawHalo: 0
  m_Flare: {fileID: 0}
  m_RenderMode: 0
  m_CullingMask:
    serializedVersion: 2
    m_Bits: 4294967295
  m_Lightmapping: 4
  m_AreaSize: {x: 1, y: 1}
  m_BounceIntensity: 1
  m_ColorTemperature: 6570
  m_UseColorTemperature: 0
  m_ShadowRadius: 0
  m_ShadowAngle: 0
--- !u!4 &1567721665
Transform:
  m_ObjectHideFlags: 0
  m_PrefabParentObject: {fileID: 0}
  m_PrefabInternal: {fileID: 0}
  m_GameObject: {fileID: 1567721663}
  m_LocalRotation: {x: 0.40821788, y: -0.23456968, z: 0.10938163, w: 0.8754261}
  m_LocalPosition: {x: 0, y: 3, z: 0}
  m_LocalScale: {x: 1, y: 1, z: 1}
  m_Children: []
  m_Father: {fileID: 0}
  m_RootOrder: 0
  m_LocalEulerAnglesHint: {x: 50, y: -30, z: 0}
--- !u!84 &1789016575
RenderTexture:
  m_ObjectHideFlags: 0
  m_PrefabParentObject: {fileID: 0}
  m_PrefabInternal: {fileID: 0}
  m_Name: 
  m_ImageContentsHash:
    serializedVersion: 2
    Hash: 00000000000000000000000000000000
  m_ForcedFallbackFormat: 4
  m_DownscaleFallback: 0
  m_Width: 512
  m_Height: 512
  m_AntiAliasing: 1
  m_DepthFormat: 0
  m_ColorFormat: 0
  m_MipMap: 0
  m_GenerateMips: 1
  m_SRGB: 1
  m_UseDynamicScale: 0
  m_BindMS: 0
  m_TextureSettings:
    serializedVersion: 2
    m_FilterMode: 1
    m_Aniso: 0
    m_MipBias: 0
    m_WrapU: 0
    m_WrapV: 0
    m_WrapW: 0
  m_Dimension: 2
  m_VolumeDepth: 1
--- !u!21 &2018217355
Material:
  serializedVersion: 6
  m_ObjectHideFlags: 0
  m_PrefabParentObject: {fileID: 0}
  m_PrefabInternal: {fileID: 0}
  m_Name: Sprites/Default
  m_Shader: {fileID: 10753, guid: 0000000000000000f000000000000000, type: 0}
  m_ShaderKeywords: 
  m_LightmapFlags: 4
  m_EnableInstancingVariants: 0
  m_DoubleSidedGI: 0
  m_CustomRenderQueue: -1
  stringTagMap: {}
  disabledShaderPasses: []
  m_SavedProperties:
    serializedVersion: 3
    m_TexEnvs:
    - _AlphaTex:
        m_Texture: {fileID: 0}
        m_Scale: {x: 1, y: 1}
        m_Offset: {x: 0, y: 0}
    - _MainTex:
        m_Texture: {fileID: 0}
        m_Scale: {x: 1, y: 1}
        m_Offset: {x: 0, y: 0}
    m_Floats:
    - PixelSnap: 0
    - _EnableExternalAlpha: 0
    m_Colors:
    - _Color: {r: 1, g: 1, b: 1, a: 1}
    - _Flip: {r: 1, g: 1, b: 1, a: 1}
    - _RendererColor: {r: 1, g: 1, b: 1, a: 1}
