%YAML 1.1
%TAG !u! tag:unity3d.com,2011:
--- !u!1001 &100100000
Prefab:
  m_ObjectHideFlags: 1
  serializedVersion: 2
  m_Modification:
    m_TransformParent: {fileID: 0}
    m_Modifications: []
    m_RemovedComponents: []
  m_ParentPrefab: {fileID: 0}
  m_RootGameObject: {fileID: 1385467897484332}
  m_IsPrefabParent: 1
--- !u!1 &1017732558268236
GameObject:
  m_ObjectHideFlags: 1
  m_PrefabParentObject: {fileID: 0}
  m_PrefabInternal: {fileID: 100100000}
  serializedVersion: 5
  m_Component:
  - component: {fileID: 4975782687752244}
  m_Layer: 0
  m_Name: Neck
  m_TagString: Untagged
  m_Icon: {fileID: 0}
  m_NavMeshLayer: 0
  m_StaticEditorFlags: 0
  m_IsActive: 1
--- !u!1 &1034397475570214
GameObject:
  m_ObjectHideFlags: 1
  m_PrefabParentObject: {fileID: 0}
  m_PrefabInternal: {fileID: 100100000}
  serializedVersion: 5
  m_Component:
  - component: {fileID: 4511078147863288}
  m_Layer: 0
  m_Name: RightHandLittle3
  m_TagString: Untagged
  m_Icon: {fileID: 0}
  m_NavMeshLayer: 0
  m_StaticEditorFlags: 0
  m_IsActive: 1
--- !u!1 &1046604180496652
GameObject:
  m_ObjectHideFlags: 1
  m_PrefabParentObject: {fileID: 0}
  m_PrefabInternal: {fileID: 100100000}
  serializedVersion: 5
  m_Component:
  - component: {fileID: 4155556985309194}
  m_Layer: 0
  m_Name: LeftHandIndex2
  m_TagString: Untagged
  m_Icon: {fileID: 0}
  m_NavMeshLayer: 0
  m_StaticEditorFlags: 0
  m_IsActive: 1
--- !u!1 &1053888268028854
GameObject:
  m_ObjectHideFlags: 1
  m_PrefabParentObject: {fileID: 0}
  m_PrefabInternal: {fileID: 100100000}
  serializedVersion: 5
  m_Component:
  - component: {fileID: 4777009931072518}
  m_Layer: 0
  m_Name: RightHandThumb2
  m_TagString: Untagged
  m_Icon: {fileID: 0}
  m_NavMeshLayer: 0
  m_StaticEditorFlags: 0
  m_IsActive: 1
--- !u!1 &1058480131001290
GameObject:
  m_ObjectHideFlags: 1
  m_PrefabParentObject: {fileID: 0}
  m_PrefabInternal: {fileID: 100100000}
  serializedVersion: 5
  m_Component:
  - component: {fileID: 4539378011885662}
  m_Layer: 0
  m_Name: LeftHandThumb2
  m_TagString: Untagged
  m_Icon: {fileID: 0}
  m_NavMeshLayer: 0
  m_StaticEditorFlags: 0
  m_IsActive: 1
--- !u!1 &1073667542753094
GameObject:
  m_ObjectHideFlags: 1
  m_PrefabParentObject: {fileID: 0}
  m_PrefabInternal: {fileID: 100100000}
  serializedVersion: 5
  m_Component:
  - component: {fileID: 4711521483413262}
  m_Layer: 0
  m_Name: RightHandIndex2
  m_TagString: Untagged
  m_Icon: {fileID: 0}
  m_NavMeshLayer: 0
  m_StaticEditorFlags: 0
  m_IsActive: 1
--- !u!1 &1079366853740352
GameObject:
  m_ObjectHideFlags: 1
  m_PrefabParentObject: {fileID: 0}
  m_PrefabInternal: {fileID: 100100000}
  serializedVersion: 5
  m_Component:
  - component: {fileID: 4693421690634494}
  m_Layer: 0
  m_Name: RightHandRing2
  m_TagString: Untagged
  m_Icon: {fileID: 0}
  m_NavMeshLayer: 0
  m_StaticEditorFlags: 0
  m_IsActive: 1
--- !u!1 &1089778868889558
GameObject:
  m_ObjectHideFlags: 1
  m_PrefabParentObject: {fileID: 0}
  m_PrefabInternal: {fileID: 100100000}
  serializedVersion: 5
  m_Component:
  - component: {fileID: 4252985358717622}
  m_Layer: 0
  m_Name: LeftHandRing3
  m_TagString: Untagged
  m_Icon: {fileID: 0}
  m_NavMeshLayer: 0
  m_StaticEditorFlags: 0
  m_IsActive: 1
--- !u!1 &1123980676098188
GameObject:
  m_ObjectHideFlags: 1
  m_PrefabParentObject: {fileID: 0}
  m_PrefabInternal: {fileID: 100100000}
  serializedVersion: 5
  m_Component:
  - component: {fileID: 4387604862906932}
  m_Layer: 0
  m_Name: RightHandMiddle3
  m_TagString: Untagged
  m_Icon: {fileID: 0}
  m_NavMeshLayer: 0
  m_StaticEditorFlags: 0
  m_IsActive: 1
--- !u!1 &1124776315662878
GameObject:
  m_ObjectHideFlags: 1
  m_PrefabParentObject: {fileID: 0}
  m_PrefabInternal: {fileID: 100100000}
  serializedVersion: 5
  m_Component:
  - component: {fileID: 4800642769152324}
  m_Layer: 0
  m_Name: RightHandLittle1
  m_TagString: Untagged
  m_Icon: {fileID: 0}
  m_NavMeshLayer: 0
  m_StaticEditorFlags: 0
  m_IsActive: 1
--- !u!1 &1164792026357454
GameObject:
  m_ObjectHideFlags: 1
  m_PrefabParentObject: {fileID: 0}
  m_PrefabInternal: {fileID: 100100000}
  serializedVersion: 5
  m_Component:
  - component: {fileID: 4069265467749378}
  m_Layer: 0
  m_Name: LeftHandIndex3
  m_TagString: Untagged
  m_Icon: {fileID: 0}
  m_NavMeshLayer: 0
  m_StaticEditorFlags: 0
  m_IsActive: 1
--- !u!1 &1204728666365128
GameObject:
  m_ObjectHideFlags: 0
  m_PrefabParentObject: {fileID: 0}
  m_PrefabInternal: {fileID: 100100000}
  serializedVersion: 5
  m_Component:
  - component: {fileID: 4054306885076972}
  - component: {fileID: 137357604233090140}
  m_Layer: 0
  m_Name: FP_arms_06_L
  m_TagString: Untagged
  m_Icon: {fileID: 0}
  m_NavMeshLayer: 0
  m_StaticEditorFlags: 0
  m_IsActive: 1
--- !u!1 &1228596938773220
GameObject:
  m_ObjectHideFlags: 1
  m_PrefabParentObject: {fileID: 0}
  m_PrefabInternal: {fileID: 100100000}
  serializedVersion: 5
  m_Component:
  - component: {fileID: 4637444036116134}
  m_Layer: 0
  m_Name: RightLeg
  m_TagString: Untagged
  m_Icon: {fileID: 0}
  m_NavMeshLayer: 0
  m_StaticEditorFlags: 0
  m_IsActive: 1
--- !u!1 &1234876897554172
GameObject:
  m_ObjectHideFlags: 1
  m_PrefabParentObject: {fileID: 0}
  m_PrefabInternal: {fileID: 100100000}
  serializedVersion: 5
  m_Component:
  - component: {fileID: 4995050064026674}
  m_Layer: 0
  m_Name: WeaponHolder
  m_TagString: Untagged
  m_Icon: {fileID: 0}
  m_NavMeshLayer: 0
  m_StaticEditorFlags: 0
  m_IsActive: 1
--- !u!1 &1239874440577920
GameObject:
  m_ObjectHideFlags: 1
  m_PrefabParentObject: {fileID: 0}
  m_PrefabInternal: {fileID: 100100000}
  serializedVersion: 5
  m_Component:
  - component: {fileID: 4092441245186528}
  m_Layer: 0
  m_Name: Hips
  m_TagString: Untagged
  m_Icon: {fileID: 0}
  m_NavMeshLayer: 0
  m_StaticEditorFlags: 0
  m_IsActive: 1
--- !u!1 &1265920436975818
GameObject:
  m_ObjectHideFlags: 1
  m_PrefabParentObject: {fileID: 0}
  m_PrefabInternal: {fileID: 100100000}
  serializedVersion: 5
  m_Component:
  - component: {fileID: 4376122783391222}
  m_Layer: 0
  m_Name: LeftHandLittle2
  m_TagString: Untagged
  m_Icon: {fileID: 0}
  m_NavMeshLayer: 0
  m_StaticEditorFlags: 0
  m_IsActive: 1
--- !u!1 &1276771706142318
GameObject:
  m_ObjectHideFlags: 1
  m_PrefabParentObject: {fileID: 0}
  m_PrefabInternal: {fileID: 100100000}
  serializedVersion: 5
  m_Component:
  - component: {fileID: 4183642536315236}
  m_Layer: 0
  m_Name: LeftForeArm
  m_TagString: Untagged
  m_Icon: {fileID: 0}
  m_NavMeshLayer: 0
  m_StaticEditorFlags: 0
  m_IsActive: 1
--- !u!1 &1279459914858098
GameObject:
  m_ObjectHideFlags: 1
  m_PrefabParentObject: {fileID: 0}
  m_PrefabInternal: {fileID: 100100000}
  serializedVersion: 5
  m_Component:
  - component: {fileID: 4707829062955030}
  m_Layer: 0
  m_Name: LeftHandMiddle3
  m_TagString: Untagged
  m_Icon: {fileID: 0}
  m_NavMeshLayer: 0
  m_StaticEditorFlags: 0
  m_IsActive: 1
--- !u!1 &1286737281102996
GameObject:
  m_ObjectHideFlags: 0
  m_PrefabParentObject: {fileID: 0}
  m_PrefabInternal: {fileID: 100100000}
  serializedVersion: 5
  m_Component:
  - component: {fileID: 4489415456229302}
  m_Layer: 0
  m_Name: RightPlatform
  m_TagString: Untagged
  m_Icon: {fileID: 0}
  m_NavMeshLayer: 0
  m_StaticEditorFlags: 0
  m_IsActive: 1
--- !u!1 &1305445403892736
GameObject:
  m_ObjectHideFlags: 1
  m_PrefabParentObject: {fileID: 0}
  m_PrefabInternal: {fileID: 100100000}
  serializedVersion: 5
  m_Component:
  - component: {fileID: 4529061040517720}
  m_Layer: 0
  m_Name: LeftHandThumb3
  m_TagString: Untagged
  m_Icon: {fileID: 0}
  m_NavMeshLayer: 0
  m_StaticEditorFlags: 0
  m_IsActive: 1
--- !u!1 &1321107968372592
GameObject:
  m_ObjectHideFlags: 0
  m_PrefabParentObject: {fileID: 0}
  m_PrefabInternal: {fileID: 100100000}
  serializedVersion: 5
  m_Component:
  - component: {fileID: 4199272912016612}
  m_Layer: 0
  m_Name: Bip01
  m_TagString: Untagged
  m_Icon: {fileID: 0}
  m_NavMeshLayer: 0
  m_StaticEditorFlags: 0
  m_IsActive: 1
--- !u!1 &1331304715998680
GameObject:
  m_ObjectHideFlags: 1
  m_PrefabParentObject: {fileID: 0}
  m_PrefabInternal: {fileID: 100100000}
  serializedVersion: 5
  m_Component:
  - component: {fileID: 4166003550312090}
  m_Layer: 0
  m_Name: LeftHandThumb1
  m_TagString: Untagged
  m_Icon: {fileID: 0}
  m_NavMeshLayer: 0
  m_StaticEditorFlags: 0
  m_IsActive: 1
--- !u!1 &1337297826032574
GameObject:
  m_ObjectHideFlags: 1
  m_PrefabParentObject: {fileID: 0}
  m_PrefabInternal: {fileID: 100100000}
  serializedVersion: 5
  m_Component:
  - component: {fileID: 4313761512417082}
  m_Layer: 0
  m_Name: LeftForeArmTwist
  m_TagString: Untagged
  m_Icon: {fileID: 0}
  m_NavMeshLayer: 0
  m_StaticEditorFlags: 0
  m_IsActive: 1
--- !u!1 &1385467897484332
GameObject:
  m_ObjectHideFlags: 0
  m_PrefabParentObject: {fileID: 0}
  m_PrefabInternal: {fileID: 100100000}
  serializedVersion: 5
  m_Component:
  - component: {fileID: 4295508952140242}
  m_Layer: 0
  m_Name: LeftGlove
  m_TagString: Untagged
  m_Icon: {fileID: 0}
  m_NavMeshLayer: 0
  m_StaticEditorFlags: 0
  m_IsActive: 1
--- !u!1 &1449279764560986
GameObject:
  m_ObjectHideFlags: 1
  m_PrefabParentObject: {fileID: 0}
  m_PrefabInternal: {fileID: 100100000}
  serializedVersion: 5
  m_Component:
  - component: {fileID: 4942998596707016}
  m_Layer: 0
  m_Name: RightHand
  m_TagString: Untagged
  m_Icon: {fileID: 0}
  m_NavMeshLayer: 0
  m_StaticEditorFlags: 0
  m_IsActive: 1
--- !u!1 &1476819827496488
GameObject:
  m_ObjectHideFlags: 1
  m_PrefabParentObject: {fileID: 0}
  m_PrefabInternal: {fileID: 100100000}
  serializedVersion: 5
  m_Component:
  - component: {fileID: 4059734114935734}
  m_Layer: 0
  m_Name: Spine
  m_TagString: Untagged
  m_Icon: {fileID: 0}
  m_NavMeshLayer: 0
  m_StaticEditorFlags: 0
  m_IsActive: 1
--- !u!1 &1483702370366244
GameObject:
  m_ObjectHideFlags: 1
  m_PrefabParentObject: {fileID: 0}
  m_PrefabInternal: {fileID: 100100000}
  serializedVersion: 5
  m_Component:
  - component: {fileID: 4116396745380112}
  m_Layer: 0
  m_Name: LeftUpLeg
  m_TagString: Untagged
  m_Icon: {fileID: 0}
  m_NavMeshLayer: 0
  m_StaticEditorFlags: 0
  m_IsActive: 1
--- !u!1 &1510224646897052
GameObject:
  m_ObjectHideFlags: 1
  m_PrefabParentObject: {fileID: 0}
  m_PrefabInternal: {fileID: 100100000}
  serializedVersion: 5
  m_Component:
  - component: {fileID: 4768267437729256}
  m_Layer: 0
  m_Name: LeftShoulder
  m_TagString: Untagged
  m_Icon: {fileID: 0}
  m_NavMeshLayer: 0
  m_StaticEditorFlags: 0
  m_IsActive: 1
--- !u!1 &1510605260126230
GameObject:
  m_ObjectHideFlags: 1
  m_PrefabParentObject: {fileID: 0}
  m_PrefabInternal: {fileID: 100100000}
  serializedVersion: 5
  m_Component:
  - component: {fileID: 4427778195100020}
  m_Layer: 0
  m_Name: LeftHandRing2
  m_TagString: Untagged
  m_Icon: {fileID: 0}
  m_NavMeshLayer: 0
  m_StaticEditorFlags: 0
  m_IsActive: 1
--- !u!1 &1518630461183008
GameObject:
  m_ObjectHideFlags: 1
  m_PrefabParentObject: {fileID: 0}
  m_PrefabInternal: {fileID: 100100000}
  serializedVersion: 5
  m_Component:
  - component: {fileID: 4780054027296928}
  m_Layer: 0
  m_Name: RightHandRing3
  m_TagString: Untagged
  m_Icon: {fileID: 0}
  m_NavMeshLayer: 0
  m_StaticEditorFlags: 0
  m_IsActive: 1
--- !u!1 &1547105654437892
GameObject:
  m_ObjectHideFlags: 1
  m_PrefabParentObject: {fileID: 0}
  m_PrefabInternal: {fileID: 100100000}
  serializedVersion: 5
  m_Component:
  - component: {fileID: 4514335992693166}
  m_Layer: 0
  m_Name: LeftHandLittle1
  m_TagString: Untagged
  m_Icon: {fileID: 0}
  m_NavMeshLayer: 0
  m_StaticEditorFlags: 0
  m_IsActive: 1
--- !u!1 &1567837407204560
GameObject:
  m_ObjectHideFlags: 1
  m_PrefabParentObject: {fileID: 0}
  m_PrefabInternal: {fileID: 100100000}
  serializedVersion: 5
  m_Component:
  - component: {fileID: 4312783551161058}
  m_Layer: 0
  m_Name: RightToeBase
  m_TagString: Untagged
  m_Icon: {fileID: 0}
  m_NavMeshLayer: 0
  m_StaticEditorFlags: 0
  m_IsActive: 1
--- !u!1 &1618185574826396
GameObject:
  m_ObjectHideFlags: 1
  m_PrefabParentObject: {fileID: 0}
  m_PrefabInternal: {fileID: 100100000}
  serializedVersion: 5
  m_Component:
  - component: {fileID: 4487330500560402}
  m_Layer: 0
  m_Name: RightForeArm
  m_TagString: Untagged
  m_Icon: {fileID: 0}
  m_NavMeshLayer: 0
  m_StaticEditorFlags: 0
  m_IsActive: 1
--- !u!1 &1641536450160884
GameObject:
  m_ObjectHideFlags: 0
  m_PrefabParentObject: {fileID: 0}
  m_PrefabInternal: {fileID: 100100000}
  serializedVersion: 5
  m_Component:
  - component: {fileID: 4804236404956668}
  m_Layer: 0
  m_Name: Root
  m_TagString: Untagged
  m_Icon: {fileID: 0}
  m_NavMeshLayer: 0
  m_StaticEditorFlags: 0
  m_IsActive: 1
--- !u!1 &1646295097492924
GameObject:
  m_ObjectHideFlags: 1
  m_PrefabParentObject: {fileID: 0}
  m_PrefabInternal: {fileID: 100100000}
  serializedVersion: 5
  m_Component:
  - component: {fileID: 4600485113195864}
  m_Layer: 0
  m_Name: Head
  m_TagString: Untagged
  m_Icon: {fileID: 0}
  m_NavMeshLayer: 0
  m_StaticEditorFlags: 0
  m_IsActive: 1
--- !u!1 &1652517385944040
GameObject:
  m_ObjectHideFlags: 0
  m_PrefabParentObject: {fileID: 0}
  m_PrefabInternal: {fileID: 100100000}
  serializedVersion: 5
  m_Component:
  - component: {fileID: 4257331459718444}
  m_Layer: 0
  m_Name: LeftPlatform
  m_TagString: Untagged
  m_Icon: {fileID: 0}
  m_NavMeshLayer: 0
  m_StaticEditorFlags: 0
  m_IsActive: 1
--- !u!1 &1663883335144954
GameObject:
  m_ObjectHideFlags: 1
  m_PrefabParentObject: {fileID: 0}
  m_PrefabInternal: {fileID: 100100000}
  serializedVersion: 5
  m_Component:
  - component: {fileID: 4936991873125938}
  m_Layer: 0
  m_Name: RightUpLeg
  m_TagString: Untagged
  m_Icon: {fileID: 0}
  m_NavMeshLayer: 0
  m_StaticEditorFlags: 0
  m_IsActive: 1
--- !u!1 &1668026360422932
GameObject:
  m_ObjectHideFlags: 1
  m_PrefabParentObject: {fileID: 0}
  m_PrefabInternal: {fileID: 100100000}
  serializedVersion: 5
  m_Component:
  - component: {fileID: 4150938853371162}
  m_Layer: 0
  m_Name: LeftFoot
  m_TagString: Untagged
  m_Icon: {fileID: 0}
  m_NavMeshLayer: 0
  m_StaticEditorFlags: 0
  m_IsActive: 1
--- !u!1 &1685655772641488
GameObject:
  m_ObjectHideFlags: 1
  m_PrefabParentObject: {fileID: 0}
  m_PrefabInternal: {fileID: 100100000}
  serializedVersion: 5
  m_Component:
  - component: {fileID: 4949518528987146}
  m_Layer: 0
  m_Name: RightFoot
  m_TagString: Untagged
  m_Icon: {fileID: 0}
  m_NavMeshLayer: 0
  m_StaticEditorFlags: 0
  m_IsActive: 1
--- !u!1 &1717923995788136
GameObject:
  m_ObjectHideFlags: 1
  m_PrefabParentObject: {fileID: 0}
  m_PrefabInternal: {fileID: 100100000}
  serializedVersion: 5
  m_Component:
  - component: {fileID: 4125252489114424}
  m_Layer: 0
  m_Name: LeftHandLittle3
  m_TagString: Untagged
  m_Icon: {fileID: 0}
  m_NavMeshLayer: 0
  m_StaticEditorFlags: 0
  m_IsActive: 1
--- !u!1 &1721218774313742
GameObject:
  m_ObjectHideFlags: 1
  m_PrefabParentObject: {fileID: 0}
  m_PrefabInternal: {fileID: 100100000}
  serializedVersion: 5
  m_Component:
  - component: {fileID: 4305724039760600}
  m_Layer: 0
  m_Name: LeftHandIndex1
  m_TagString: Untagged
  m_Icon: {fileID: 0}
  m_NavMeshLayer: 0
  m_StaticEditorFlags: 0
  m_IsActive: 1
--- !u!1 &1724102536542634
GameObject:
  m_ObjectHideFlags: 1
  m_PrefabParentObject: {fileID: 0}
  m_PrefabInternal: {fileID: 100100000}
  serializedVersion: 5
  m_Component:
  - component: {fileID: 4822903999853366}
  m_Layer: 0
  m_Name: LeftLeg
  m_TagString: Untagged
  m_Icon: {fileID: 0}
  m_NavMeshLayer: 0
  m_StaticEditorFlags: 0
  m_IsActive: 1
--- !u!1 &1724914588275670
GameObject:
  m_ObjectHideFlags: 1
  m_PrefabParentObject: {fileID: 0}
  m_PrefabInternal: {fileID: 100100000}
  serializedVersion: 5
  m_Component:
  - component: {fileID: 4912701501247156}
  m_Layer: 0
  m_Name: Chest
  m_TagString: Untagged
  m_Icon: {fileID: 0}
  m_NavMeshLayer: 0
  m_StaticEditorFlags: 0
  m_IsActive: 1
--- !u!1 &1744768943401136
GameObject:
  m_ObjectHideFlags: 1
  m_PrefabParentObject: {fileID: 0}
  m_PrefabInternal: {fileID: 100100000}
  serializedVersion: 5
  m_Component:
  - component: {fileID: 4993068697625362}
  m_Layer: 0
  m_Name: RightHandThumb1
  m_TagString: Untagged
  m_Icon: {fileID: 0}
  m_NavMeshLayer: 0
  m_StaticEditorFlags: 0
  m_IsActive: 1
--- !u!1 &1775815945341550
GameObject:
  m_ObjectHideFlags: 1
  m_PrefabParentObject: {fileID: 0}
  m_PrefabInternal: {fileID: 100100000}
  serializedVersion: 5
  m_Component:
  - component: {fileID: 4302691054045842}
  m_Layer: 0
  m_Name: RightHandLittle2
  m_TagString: Untagged
  m_Icon: {fileID: 0}
  m_NavMeshLayer: 0
  m_StaticEditorFlags: 0
  m_IsActive: 1
--- !u!1 &1831293674417420
GameObject:
  m_ObjectHideFlags: 1
  m_PrefabParentObject: {fileID: 0}
  m_PrefabInternal: {fileID: 100100000}
  serializedVersion: 5
  m_Component:
  - component: {fileID: 4322165783510484}
  m_Layer: 0
  m_Name: RightHandMiddle2
  m_TagString: Untagged
  m_Icon: {fileID: 0}
  m_NavMeshLayer: 0
  m_StaticEditorFlags: 0
  m_IsActive: 1
--- !u!1 &1840495689368246
GameObject:
  m_ObjectHideFlags: 1
  m_PrefabParentObject: {fileID: 0}
  m_PrefabInternal: {fileID: 100100000}
  serializedVersion: 5
  m_Component:
  - component: {fileID: 4488376840174214}
  m_Layer: 0
  m_Name: RightHandThumb3
  m_TagString: Untagged
  m_Icon: {fileID: 0}
  m_NavMeshLayer: 0
  m_StaticEditorFlags: 0
  m_IsActive: 1
--- !u!1 &1846071244425148
GameObject:
  m_ObjectHideFlags: 1
  m_PrefabParentObject: {fileID: 0}
  m_PrefabInternal: {fileID: 100100000}
  serializedVersion: 5
  m_Component:
  - component: {fileID: 4812190808244570}
  m_Layer: 0
  m_Name: RightHandIndex1
  m_TagString: Untagged
  m_Icon: {fileID: 0}
  m_NavMeshLayer: 0
  m_StaticEditorFlags: 0
  m_IsActive: 1
--- !u!1 &1888984772060524
GameObject:
  m_ObjectHideFlags: 1
  m_PrefabParentObject: {fileID: 0}
  m_PrefabInternal: {fileID: 100100000}
  serializedVersion: 5
  m_Component:
  - component: {fileID: 4844224501303112}
  m_Layer: 0
  m_Name: LeftToeBase
  m_TagString: Untagged
  m_Icon: {fileID: 0}
  m_NavMeshLayer: 0
  m_StaticEditorFlags: 0
  m_IsActive: 1
--- !u!1 &1901941215314128
GameObject:
  m_ObjectHideFlags: 0
  m_PrefabParentObject: {fileID: 0}
  m_PrefabInternal: {fileID: 100100000}
  serializedVersion: 5
  m_Component:
  - component: {fileID: 4634847755306244}
  m_Layer: 0
  m_Name: Camera001
  m_TagString: Untagged
  m_Icon: {fileID: 0}
  m_NavMeshLayer: 0
  m_StaticEditorFlags: 0
  m_IsActive: 1
--- !u!1 &1912585885073122
GameObject:
  m_ObjectHideFlags: 1
  m_PrefabParentObject: {fileID: 0}
  m_PrefabInternal: {fileID: 100100000}
  serializedVersion: 5
  m_Component:
  - component: {fileID: 4655846858926142}
  m_Layer: 0
  m_Name: LeftArm
  m_TagString: Untagged
  m_Icon: {fileID: 0}
  m_NavMeshLayer: 0
  m_StaticEditorFlags: 0
  m_IsActive: 1
--- !u!1 &1917625385583576
GameObject:
  m_ObjectHideFlags: 1
  m_PrefabParentObject: {fileID: 0}
  m_PrefabInternal: {fileID: 100100000}
  serializedVersion: 5
  m_Component:
  - component: {fileID: 4611002616504916}
  m_Layer: 0
  m_Name: RightHandRing1
  m_TagString: Untagged
  m_Icon: {fileID: 0}
  m_NavMeshLayer: 0
  m_StaticEditorFlags: 0
  m_IsActive: 1
--- !u!1 &1929610858035842
GameObject:
  m_ObjectHideFlags: 1
  m_PrefabParentObject: {fileID: 0}
  m_PrefabInternal: {fileID: 100100000}
  serializedVersion: 5
  m_Component:
  - component: {fileID: 4343145987307036}
  m_Layer: 0
  m_Name: LeftHandRing1
  m_TagString: Untagged
  m_Icon: {fileID: 0}
  m_NavMeshLayer: 0
  m_StaticEditorFlags: 0
  m_IsActive: 1
--- !u!1 &1950316494318270
GameObject:
  m_ObjectHideFlags: 1
  m_PrefabParentObject: {fileID: 0}
  m_PrefabInternal: {fileID: 100100000}
  serializedVersion: 5
  m_Component:
  - component: {fileID: 4858339749662724}
  m_Layer: 0
  m_Name: RightHandIndex3
  m_TagString: Untagged
  m_Icon: {fileID: 0}
  m_NavMeshLayer: 0
  m_StaticEditorFlags: 0
  m_IsActive: 1
--- !u!1 &1955543747584820
GameObject:
  m_ObjectHideFlags: 1
  m_PrefabParentObject: {fileID: 0}
  m_PrefabInternal: {fileID: 100100000}
  serializedVersion: 5
  m_Component:
  - component: {fileID: 4627706664741160}
  m_Layer: 0
  m_Name: RightHandMiddle1
  m_TagString: Untagged
  m_Icon: {fileID: 0}
  m_NavMeshLayer: 0
  m_StaticEditorFlags: 0
  m_IsActive: 1
--- !u!1 &1970371648609598
GameObject:
  m_ObjectHideFlags: 1
  m_PrefabParentObject: {fileID: 0}
  m_PrefabInternal: {fileID: 100100000}
  serializedVersion: 5
  m_Component:
  - component: {fileID: 4882055836372166}
  m_Layer: 0
  m_Name: LeftHandMiddle1
  m_TagString: Untagged
  m_Icon: {fileID: 0}
  m_NavMeshLayer: 0
  m_StaticEditorFlags: 0
  m_IsActive: 1
--- !u!1 &1977220987500170
GameObject:
  m_ObjectHideFlags: 1
  m_PrefabParentObject: {fileID: 0}
  m_PrefabInternal: {fileID: 100100000}
  serializedVersion: 5
  m_Component:
  - component: {fileID: 4113206283375928}
  m_Layer: 0
  m_Name: LeftHandMiddle2
  m_TagString: Untagged
  m_Icon: {fileID: 0}
  m_NavMeshLayer: 0
  m_StaticEditorFlags: 0
  m_IsActive: 1
--- !u!1 &1979074993883692
GameObject:
  m_ObjectHideFlags: 1
  m_PrefabParentObject: {fileID: 0}
  m_PrefabInternal: {fileID: 100100000}
  serializedVersion: 5
  m_Component:
  - component: {fileID: 4713034998998926}
  m_Layer: 0
  m_Name: LeftHand
  m_TagString: Untagged
  m_Icon: {fileID: 0}
  m_NavMeshLayer: 0
  m_StaticEditorFlags: 0
  m_IsActive: 1
--- !u!1 &1993051691055276
GameObject:
  m_ObjectHideFlags: 1
  m_PrefabParentObject: {fileID: 0}
  m_PrefabInternal: {fileID: 100100000}
  serializedVersion: 5
  m_Component:
  - component: {fileID: 4774961691604618}
  m_Layer: 0
  m_Name: RightShoulder
  m_TagString: Untagged
  m_Icon: {fileID: 0}
  m_NavMeshLayer: 0
  m_StaticEditorFlags: 0
  m_IsActive: 1
--- !u!1 &1996160154082622
GameObject:
  m_ObjectHideFlags: 1
  m_PrefabParentObject: {fileID: 0}
  m_PrefabInternal: {fileID: 100100000}
  serializedVersion: 5
  m_Component:
  - component: {fileID: 4467298731987074}
  m_Layer: 0
  m_Name: LeftForeArmTwist 1
  m_TagString: Untagged
  m_Icon: {fileID: 0}
  m_NavMeshLayer: 0
  m_StaticEditorFlags: 0
  m_IsActive: 1
--- !u!1 &1996373724513132
GameObject:
  m_ObjectHideFlags: 1
  m_PrefabParentObject: {fileID: 0}
  m_PrefabInternal: {fileID: 100100000}
  serializedVersion: 5
  m_Component:
  - component: {fileID: 4514334161426228}
  m_Layer: 0
  m_Name: RightArm
  m_TagString: Untagged
  m_Icon: {fileID: 0}
  m_NavMeshLayer: 0
  m_StaticEditorFlags: 0
  m_IsActive: 1
--- !u!4 &4054306885076972
Transform:
  m_ObjectHideFlags: 1
  m_PrefabParentObject: {fileID: 0}
  m_PrefabInternal: {fileID: 100100000}
  m_GameObject: {fileID: 1204728666365128}
  m_LocalRotation: {x: 0.000000057601163, y: 0.7071067, z: -0.000000057601152, w: 0.7071068}
  m_LocalPosition: {x: 0, y: -0.020223558, z: -0.07744876}
  m_LocalScale: {x: 1, y: 1, z: 1}
  m_Children: []
  m_Father: {fileID: 4295508952140242}
  m_RootOrder: 2
  m_LocalEulerAnglesHint: {x: 0, y: 0, z: 0}
--- !u!4 &4059734114935734
Transform:
  m_ObjectHideFlags: 1
  m_PrefabParentObject: {fileID: 0}
  m_PrefabInternal: {fileID: 100100000}
  m_GameObject: {fileID: 1476819827496488}
  m_LocalRotation: {x: -0.0000021457804, y: 0.00000071521583, z: 0.00001859665, w: 1}
  m_LocalPosition: {x: -0.19864476, y: -0.00010238902, z: 0.00000044309365}
  m_LocalScale: {x: 1, y: 1, z: 0.99999994}
  m_Children:
  - {fileID: 4912701501247156}
  m_Father: {fileID: 4092441245186528}
  m_RootOrder: 2
  m_LocalEulerAnglesHint: {x: 0, y: 0, z: 0}
--- !u!4 &4069265467749378
Transform:
  m_ObjectHideFlags: 1
  m_PrefabParentObject: {fileID: 0}
  m_PrefabInternal: {fileID: 100100000}
  m_GameObject: {fileID: 1164792026357454}
  m_LocalRotation: {x: -0.06357173, y: 0.025561871, z: 0.31431332, w: 0.9468434}
  m_LocalPosition: {x: -0.02595171, y: 0, z: 0}
  m_LocalScale: {x: 0.9999975, y: 0.9999765, z: 1.0000263}
  m_Children: []
  m_Father: {fileID: 4155556985309194}
  m_RootOrder: 0
  m_LocalEulerAnglesHint: {x: 0, y: 0, z: 0}
--- !u!4 &4092441245186528
Transform:
  m_ObjectHideFlags: 1
  m_PrefabParentObject: {fileID: 0}
  m_PrefabInternal: {fileID: 100100000}
  m_GameObject: {fileID: 1239874440577920}
  m_LocalRotation: {x: 1.13684906e-13, y: -1.2095868e-12, z: -1.7053026e-13, w: 1}
  m_LocalPosition: {x: -0.96896243, y: -0.000000005054581, z: 0.0000015726524}
  m_LocalScale: {x: 0.99999994, y: 1, z: 1}
  m_Children:
  - {fileID: 4116396745380112}
  - {fileID: 4936991873125938}
  - {fileID: 4059734114935734}
  m_Father: {fileID: 4804236404956668}
  m_RootOrder: 0
  m_LocalEulerAnglesHint: {x: 0, y: 0, z: 0}
--- !u!4 &4113206283375928
Transform:
  m_ObjectHideFlags: 1
  m_PrefabParentObject: {fileID: 0}
  m_PrefabInternal: {fileID: 100100000}
  m_GameObject: {fileID: 1977220987500170}
  m_LocalRotation: {x: 0.055560857, y: 0.011935447, z: 0.42849636, w: 0.9017547}
  m_LocalPosition: {x: -0.043075107, y: -0.00000009689331, z: 0}
  m_LocalScale: {x: 0.9999997, y: 0.99997544, z: 1.0000249}
  m_Children:
  - {fileID: 4707829062955030}
  m_Father: {fileID: 4882055836372166}
  m_RootOrder: 0
  m_LocalEulerAnglesHint: {x: 0, y: 0, z: 0}
--- !u!4 &4116396745380112
Transform:
  m_ObjectHideFlags: 1
  m_PrefabParentObject: {fileID: 0}
  m_PrefabInternal: {fileID: 100100000}
  m_GameObject: {fileID: 1483702370366244}
  m_LocalRotation: {x: -0.019987354, y: 0.99957657, z: 0.0035800645, w: 0.020841649}
  m_LocalPosition: {x: 0.00000019378662, y: 0.00000017608484, z: 0.09406086}
  m_LocalScale: {x: 0.9999999, y: 0.99999994, z: 1.0000001}
  m_Children:
  - {fileID: 4822903999853366}
  m_Father: {fileID: 4092441245186528}
  m_RootOrder: 0
  m_LocalEulerAnglesHint: {x: 0, y: 0, z: 0}
--- !u!4 &4125252489114424
Transform:
  m_ObjectHideFlags: 1
  m_PrefabParentObject: {fileID: 0}
  m_PrefabInternal: {fileID: 100100000}
  m_GameObject: {fileID: 1717923995788136}
  m_LocalRotation: {x: 0.00208434, y: 0.015441644, z: 0.5243322, w: 0.8513712}
  m_LocalPosition: {x: -0.020861179, y: -0.00000009689331, z: 0}
  m_LocalScale: {x: 0.9999554, y: 1.0000207, z: 1.0000242}
  m_Children: []
  m_Father: {fileID: 4376122783391222}
  m_RootOrder: 0
  m_LocalEulerAnglesHint: {x: 0, y: 0, z: 0}
--- !u!4 &4150938853371162
Transform:
  m_ObjectHideFlags: 1
  m_PrefabParentObject: {fileID: 0}
  m_PrefabInternal: {fileID: 100100000}
  m_GameObject: {fileID: 1668026360422932}
  m_LocalRotation: {x: -0.19903836, y: -0.04992643, z: -0.51681215, w: 0.83114165}
  m_LocalPosition: {x: -0.41633433, y: -0.000000012111664, z: -0.000000024223327}
  m_LocalScale: {x: 0.99999964, y: 1.0000004, z: 1.0000001}
  m_Children:
  - {fileID: 4844224501303112}
  m_Father: {fileID: 4822903999853366}
  m_RootOrder: 0
  m_LocalEulerAnglesHint: {x: 0, y: 0, z: 0}
--- !u!4 &4155556985309194
Transform:
  m_ObjectHideFlags: 1
  m_PrefabParentObject: {fileID: 0}
  m_PrefabInternal: {fileID: 100100000}
  m_GameObject: {fileID: 1046604180496652}
  m_LocalRotation: {x: -0.00078186917, y: -0.016542908, z: 0.37189767, w: 0.928126}
  m_LocalPosition: {x: -0.03493665, y: -0.00000009689331, z: -0.00000009689331}
  m_LocalScale: {x: 1.0000165, y: 0.9999593, z: 1.0000238}
  m_Children:
  - {fileID: 4069265467749378}
  m_Father: {fileID: 4305724039760600}
  m_RootOrder: 0
  m_LocalEulerAnglesHint: {x: 0, y: 0, z: 0}
--- !u!4 &4166003550312090
Transform:
  m_ObjectHideFlags: 1
  m_PrefabParentObject: {fileID: 0}
  m_PrefabInternal: {fileID: 100100000}
  m_GameObject: {fileID: 1331304715998680}
  m_LocalRotation: {x: 0.6759862, y: 0.29971364, z: -0.022676354, w: 0.6728301}
  m_LocalPosition: {x: -0.012942427, y: -0.015985653, z: 0.026062943}
  m_LocalScale: {x: 1.0000223, y: 0.9999458, z: 1.0000321}
  m_Children:
  - {fileID: 4539378011885662}
  m_Father: {fileID: 4713034998998926}
  m_RootOrder: 4
  m_LocalEulerAnglesHint: {x: 0, y: 0, z: 0}
--- !u!4 &4183642536315236
Transform:
  m_ObjectHideFlags: 1
  m_PrefabParentObject: {fileID: 0}
  m_PrefabInternal: {fileID: 100100000}
  m_GameObject: {fileID: 1276771706142318}
  m_LocalRotation: {x: 0.01198517, y: -0.10531759, z: -0.37670234, w: 0.92024994}
  m_LocalPosition: {x: -0.24684764, y: 0, z: 0}
  m_LocalScale: {x: 1.0000008, y: 1.0000066, z: 0.99999255}
  m_Children:
  - {fileID: 4313761512417082}
  - {fileID: 4713034998998926}
  m_Father: {fileID: 4655846858926142}
  m_RootOrder: 0
  m_LocalEulerAnglesHint: {x: 0, y: 0, z: 0}
--- !u!4 &4199272912016612
Transform:
  m_ObjectHideFlags: 1
  m_PrefabParentObject: {fileID: 0}
  m_PrefabInternal: {fileID: 100100000}
  m_GameObject: {fileID: 1321107968372592}
  m_LocalRotation: {x: 0.50000006, y: -0.50000006, z: -0.49999994, w: 0.49999994}
  m_LocalPosition: {x: 0, y: 0, z: 0}
  m_LocalScale: {x: 1, y: 1, z: 1}
  m_Children: []
  m_Father: {fileID: 4295508952140242}
  m_RootOrder: 0
  m_LocalEulerAnglesHint: {x: 0, y: 0, z: 0}
--- !u!4 &4252985358717622
Transform:
  m_ObjectHideFlags: 1
  m_PrefabParentObject: {fileID: 0}
  m_PrefabInternal: {fileID: 100100000}
  m_GameObject: {fileID: 1089778868889558}
  m_LocalRotation: {x: -0.033648025, y: -0.004353603, z: 0.42871022, w: 0.90280473}
  m_LocalPosition: {x: -0.03156823, y: 0, z: 0.00000009689331}
  m_LocalScale: {x: 0.9999872, y: 0.9999894, z: 1.0000243}
  m_Children: []
  m_Father: {fileID: 4427778195100020}
  m_RootOrder: 0
  m_LocalEulerAnglesHint: {x: 0, y: 0, z: 0}
--- !u!4 &4257331459718444
Transform:
  m_ObjectHideFlags: 1
  m_PrefabParentObject: {fileID: 0}
  m_PrefabInternal: {fileID: 100100000}
  m_GameObject: {fileID: 1652517385944040}
  m_LocalRotation: {x: 0.5213339, y: -0.5213339, z: -0.47771436, w: 0.47771436}
  m_LocalPosition: {x: -0.17501634, y: 0, z: 0.013675377}
  m_LocalScale: {x: 1, y: 1, z: 1}
  m_Children: []
  m_Father: {fileID: 4295508952140242}
  m_RootOrder: 3
  m_LocalEulerAnglesHint: {x: 0, y: 0, z: 0}
--- !u!4 &4295508952140242
Transform:
  m_ObjectHideFlags: 1
  m_PrefabParentObject: {fileID: 0}
  m_PrefabInternal: {fileID: 100100000}
  m_GameObject: {fileID: 1385467897484332}
  m_LocalRotation: {x: 0.41332865, y: -0.19842713, z: -0.3101408, w: 0.8328258}
  m_LocalPosition: {x: -0.13915287, y: -0.54417765, z: -1.524323}
  m_LocalScale: {x: 1, y: 1, z: 1}
  m_Children:
  - {fileID: 4199272912016612}
  - {fileID: 4634847755306244}
  - {fileID: 4054306885076972}
  - {fileID: 4257331459718444}
  - {fileID: 4489415456229302}
  - {fileID: 4804236404956668}
  m_Father: {fileID: 0}
  m_RootOrder: 0
  m_LocalEulerAnglesHint: {x: 34.429, y: -45.36, z: -55.605003}
--- !u!4 &4302691054045842
Transform:
  m_ObjectHideFlags: 1
  m_PrefabParentObject: {fileID: 0}
  m_PrefabInternal: {fileID: 100100000}
  m_GameObject: {fileID: 1775815945341550}
  m_LocalRotation: {x: -0.21090294, y: -0.07648508, z: 0.296346, w: 0.92835826}
  m_LocalPosition: {x: -0.019189743, y: 0, z: 0}
  m_LocalScale: {x: 1.0000023, y: 0.9999969, z: 1.0000002}
  m_Children:
  - {fileID: 4511078147863288}
  m_Father: {fileID: 4800642769152324}
  m_RootOrder: 0
  m_LocalEulerAnglesHint: {x: 0, y: 0, z: 0}
--- !u!4 &4305724039760600
Transform:
  m_ObjectHideFlags: 1
  m_PrefabParentObject: {fileID: 0}
  m_PrefabInternal: {fileID: 100100000}
  m_GameObject: {fileID: 1721218774313742}
  m_LocalRotation: {x: 0.09622676, y: 0.0017317884, z: 0.24789593, w: 0.9639943}
  m_LocalPosition: {x: -0.09807909, y: -0.0024034386, z: 0.03143665}
  m_LocalScale: {x: 1.0000025, y: 0.99997234, z: 1.000025}
  m_Children:
  - {fileID: 4155556985309194}
  m_Father: {fileID: 4713034998998926}
  m_RootOrder: 0
  m_LocalEulerAnglesHint: {x: 0, y: 0, z: 0}
--- !u!4 &4312783551161058
Transform:
  m_ObjectHideFlags: 1
  m_PrefabParentObject: {fileID: 0}
  m_PrefabInternal: {fileID: 100100000}
  m_GameObject: {fileID: 1567837407204560}
  m_LocalRotation: {x: 0.00062239764, y: -0.0018540091, z: -0.32526597, w: 0.9456206}
  m_LocalPosition: {x: -0.17033598, y: 0.000000006055832, z: 0.000000012111664}
  m_LocalScale: {x: 1.0000032, y: 0.99999654, z: 0.99999994}
  m_Children: []
  m_Father: {fileID: 4949518528987146}
  m_RootOrder: 0
  m_LocalEulerAnglesHint: {x: 0, y: 0, z: 0}
--- !u!4 &4313761512417082
Transform:
  m_ObjectHideFlags: 1
  m_PrefabParentObject: {fileID: 0}
  m_PrefabInternal: {fileID: 100100000}
  m_GameObject: {fileID: 1337297826032574}
  m_LocalRotation: {x: 0.7235531, y: -0.0000009744899, z: 0.00000091354184, w: 0.6902687}
  m_LocalPosition: {x: -0.12826814, y: -0.00000038757324, z: 0.0000006298065}
  m_LocalScale: {x: 0.99999845, y: 0.99998796, z: 1.0000129}
  m_Children: []
  m_Father: {fileID: 4183642536315236}
  m_RootOrder: 0
  m_LocalEulerAnglesHint: {x: 0, y: 0, z: 0}
--- !u!4 &4322165783510484
Transform:
  m_ObjectHideFlags: 1
  m_PrefabParentObject: {fileID: 0}
  m_PrefabInternal: {fileID: 100100000}
  m_GameObject: {fileID: 1831293674417420}
  m_LocalRotation: {x: -0.032166258, y: 0.013698904, z: 0.39247918, w: 0.9190962}
  m_LocalPosition: {x: -0.0402072, y: 0, z: 0}
  m_LocalScale: {x: 1.0000064, y: 0.9999936, z: 1.0000002}
  m_Children:
  - {fileID: 4387604862906932}
  m_Father: {fileID: 4627706664741160}
  m_RootOrder: 0
  m_LocalEulerAnglesHint: {x: 0, y: 0, z: 0}
--- !u!4 &4343145987307036
Transform:
  m_ObjectHideFlags: 1
  m_PrefabParentObject: {fileID: 0}
  m_PrefabInternal: {fileID: 100100000}
  m_GameObject: {fileID: 1929610858035842}
  m_LocalRotation: {x: -0.045575712, y: -0.009956697, z: 0.39883915, w: 0.91583353}
  m_LocalPosition: {x: -0.0980131, y: 0.0023811532, z: -0.016182346}
  m_LocalScale: {x: 1.0000073, y: 0.9999687, z: 1.0000241}
  m_Children:
  - {fileID: 4427778195100020}
  m_Father: {fileID: 4713034998998926}
  m_RootOrder: 3
  m_LocalEulerAnglesHint: {x: 0, y: 0, z: 0}
--- !u!4 &4376122783391222
Transform:
  m_ObjectHideFlags: 1
  m_PrefabParentObject: {fileID: 0}
  m_PrefabInternal: {fileID: 100100000}
  m_GameObject: {fileID: 1265920436975818}
  m_LocalRotation: {x: -0.000560307, y: 0.021335367, z: 0.21620356, w: 0.97611505}
  m_LocalPosition: {x: -0.02003291, y: -0.00000019378662, z: 0}
  m_LocalScale: {x: 0.9999763, y: 1, z: 1.0000238}
  m_Children:
  - {fileID: 4125252489114424}
  m_Father: {fileID: 4514335992693166}
  m_RootOrder: 0
  m_LocalEulerAnglesHint: {x: 0, y: 0, z: 0}
--- !u!4 &4387604862906932
Transform:
  m_ObjectHideFlags: 1
  m_PrefabParentObject: {fileID: 0}
  m_PrefabInternal: {fileID: 100100000}
  m_GameObject: {fileID: 1123980676098188}
  m_LocalRotation: {x: 0.005017438, y: -0.0022776723, z: 0.40412977, w: 0.91468513}
  m_LocalPosition: {x: -0.02991048, y: 0, z: 0}
  m_LocalScale: {x: 1.0000008, y: 0.99999905, z: 0.9999998}
  m_Children: []
  m_Father: {fileID: 4322165783510484}
  m_RootOrder: 0
  m_LocalEulerAnglesHint: {x: 0, y: 0, z: 0}
--- !u!4 &4427778195100020
Transform:
  m_ObjectHideFlags: 1
  m_PrefabParentObject: {fileID: 0}
  m_PrefabInternal: {fileID: 100100000}
  m_GameObject: {fileID: 1510605260126230}
  m_LocalRotation: {x: 0.018556923, y: -0.0030039756, z: 0.45330423, w: 0.8911576}
  m_LocalPosition: {x: -0.035106916, y: 0, z: -0.00000009689331}
  m_LocalScale: {x: 1.0000018, y: 0.9999745, z: 1.0000241}
  m_Children:
  - {fileID: 4252985358717622}
  m_Father: {fileID: 4343145987307036}
  m_RootOrder: 0
  m_LocalEulerAnglesHint: {x: 0, y: 0, z: 0}
--- !u!4 &4467298731987074
Transform:
  m_ObjectHideFlags: 1
  m_PrefabParentObject: {fileID: 0}
  m_PrefabInternal: {fileID: 100100000}
  m_GameObject: {fileID: 1996160154082622}
  m_LocalRotation: {x: -0.7093582, y: 0.0000010420174, z: 0.00000035103537, w: 0.7048482}
  m_LocalPosition: {x: -0.137398, y: 0.00001608429, z: -0.0007089199}
  m_LocalScale: {x: 1.0000029, y: 0.9999976, z: 0.99999994}
  m_Children: []
  m_Father: {fileID: 4487330500560402}
  m_RootOrder: 0
  m_LocalEulerAnglesHint: {x: 0, y: 0, z: 0}
--- !u!4 &4487330500560402
Transform:
  m_ObjectHideFlags: 1
  m_PrefabParentObject: {fileID: 0}
  m_PrefabInternal: {fileID: 100100000}
  m_GameObject: {fileID: 1618185574826396}
  m_LocalRotation: {x: -0.011459703, y: 0.08344792, z: -0.41232687, w: 0.9071338}
  m_LocalPosition: {x: -0.24254261, y: 0, z: 0}
  m_LocalScale: {x: 1.0000007, y: 0.9999995, z: 1.0000001}
  m_Children:
  - {fileID: 4467298731987074}
  - {fileID: 4942998596707016}
  m_Father: {fileID: 4514334161426228}
  m_RootOrder: 0
  m_LocalEulerAnglesHint: {x: 0, y: 0, z: 0}
--- !u!4 &4488376840174214
Transform:
  m_ObjectHideFlags: 1
  m_PrefabParentObject: {fileID: 0}
  m_PrefabInternal: {fileID: 100100000}
  m_GameObject: {fileID: 1840495689368246}
  m_LocalRotation: {x: 0.0013001671, y: 0.005376855, z: 0.1520477, w: 0.9883577}
  m_LocalPosition: {x: -0.038125966, y: 0, z: 0}
  m_LocalScale: {x: 0.9999939, y: 1.0000002, z: 1.0000057}
  m_Children: []
  m_Father: {fileID: 4777009931072518}
  m_RootOrder: 0
  m_LocalEulerAnglesHint: {x: 0, y: 0, z: 0}
--- !u!4 &4489415456229302
Transform:
  m_ObjectHideFlags: 1
  m_PrefabParentObject: {fileID: 0}
  m_PrefabInternal: {fileID: 100100000}
  m_GameObject: {fileID: 1286737281102996}
  m_LocalRotation: {x: 0.47771448, y: -0.47771448, z: -0.52133375, w: 0.52133375}
  m_LocalPosition: {x: 0.17501634, y: 0, z: 0.013675466}
  m_LocalScale: {x: 1, y: 1, z: 1}
  m_Children: []
  m_Father: {fileID: 4295508952140242}
  m_RootOrder: 4
  m_LocalEulerAnglesHint: {x: 0, y: 0, z: 0}
--- !u!4 &4511078147863288
Transform:
  m_ObjectHideFlags: 1
  m_PrefabParentObject: {fileID: 0}
  m_PrefabInternal: {fileID: 100100000}
  m_GameObject: {fileID: 1034397475570214}
  m_LocalRotation: {x: 0.010262334, y: -0.0060623353, z: 0.33292478, w: 0.94287807}
  m_LocalPosition: {x: -0.023720935, y: -0.00000009689331, z: -0.000000048446655}
  m_LocalScale: {x: 0.99999946, y: 1.0000007, z: 1.0000002}
  m_Children: []
  m_Father: {fileID: 4302691054045842}
  m_RootOrder: 0
  m_LocalEulerAnglesHint: {x: 0, y: 0, z: 0}
--- !u!4 &4514334161426228
Transform:
  m_ObjectHideFlags: 1
  m_PrefabParentObject: {fileID: 0}
  m_PrefabInternal: {fileID: 100100000}
  m_GameObject: {fileID: 1996373724513132}
  m_LocalRotation: {x: 0.24556236, y: -0.38819322, z: -0.45046064, w: 0.7655654}
  m_LocalPosition: {x: -0.14408961, y: 7.56979e-10, z: -0.00000009689331}
  m_LocalScale: {x: 0.9999999, y: 1.0000006, z: 0.99999964}
  m_Children:
  - {fileID: 4487330500560402}
  m_Father: {fileID: 4774961691604618}
  m_RootOrder: 0
  m_LocalEulerAnglesHint: {x: 0, y: 0, z: 0}
--- !u!4 &4514335992693166
Transform:
  m_ObjectHideFlags: 1
  m_PrefabParentObject: {fileID: 0}
  m_PrefabInternal: {fileID: 100100000}
  m_GameObject: {fileID: 1547105654437892}
  m_LocalRotation: {x: -0.022828711, y: 0.058733314, z: 0.5146651, w: 0.85507256}
  m_LocalPosition: {x: -0.09842616, y: -0.0037613013, z: -0.037420098}
  m_LocalScale: {x: 0.99998915, y: 0.9999866, z: 1.0000242}
  m_Children:
  - {fileID: 4376122783391222}
  m_Father: {fileID: 4713034998998926}
  m_RootOrder: 1
  m_LocalEulerAnglesHint: {x: 0, y: 0, z: 0}
--- !u!4 &4529061040517720
Transform:
  m_ObjectHideFlags: 1
  m_PrefabParentObject: {fileID: 0}
  m_PrefabInternal: {fileID: 100100000}
  m_GameObject: {fileID: 1305445403892736}
  m_LocalRotation: {x: -0.023045413, y: 0.0071040383, z: 0.29968852, w: 0.9537323}
  m_LocalPosition: {x: -0.043352876, y: 0.000000048446655, z: 0.00000009689331}
  m_LocalScale: {x: 0.99998224, y: 1.0000186, z: 0.9999988}
  m_Children: []
  m_Father: {fileID: 4539378011885662}
  m_RootOrder: 0
  m_LocalEulerAnglesHint: {x: 0, y: 0, z: 0}
--- !u!4 &4539378011885662
Transform:
  m_ObjectHideFlags: 1
  m_PrefabParentObject: {fileID: 0}
  m_PrefabInternal: {fileID: 100100000}
  m_GameObject: {fileID: 1058480131001290}
  m_LocalRotation: {x: 0.042150136, y: 0.0370664, z: 0.16879658, w: 0.9840514}
  m_LocalPosition: {x: -0.044356402, y: 0.00000009689331, z: 0}
  m_LocalScale: {x: 0.99998456, y: 1.0000168, z: 0.99999934}
  m_Children:
  - {fileID: 4529061040517720}
  m_Father: {fileID: 4166003550312090}
  m_RootOrder: 0
  m_LocalEulerAnglesHint: {x: 0, y: 0, z: 0}
--- !u!4 &4600485113195864
Transform:
  m_ObjectHideFlags: 1
  m_PrefabParentObject: {fileID: 0}
  m_PrefabInternal: {fileID: 100100000}
  m_GameObject: {fileID: 1646295097492924}
  m_LocalRotation: {x: 0.00000066229325, y: -0.000004876919, z: 0.1328487, w: 0.9911364}
  m_LocalPosition: {x: -0.11376127, y: -0.0061134836, z: 0.000000032288405}
  m_LocalScale: {x: 1.0000001, y: 1, z: 0.99999994}
  m_Children: []
  m_Father: {fileID: 4975782687752244}
  m_RootOrder: 0
  m_LocalEulerAnglesHint: {x: 0, y: 0, z: 0}
--- !u!4 &4611002616504916
Transform:
  m_ObjectHideFlags: 1
  m_PrefabParentObject: {fileID: 0}
  m_PrefabInternal: {fileID: 100100000}
  m_GameObject: {fileID: 1917625385583576}
  m_LocalRotation: {x: 0.067910284, y: 0.04959552, z: 0.32957718, w: 0.9403762}
  m_LocalPosition: {x: -0.10192701, y: -0.0025176757, z: 0.017216973}
  m_LocalScale: {x: 1.0000105, y: 0.99998987, z: 1}
  m_Children:
  - {fileID: 4693421690634494}
  m_Father: {fileID: 4942998596707016}
  m_RootOrder: 3
  m_LocalEulerAnglesHint: {x: 0, y: 0, z: 0}
--- !u!4 &4627706664741160
Transform:
  m_ObjectHideFlags: 1
  m_PrefabParentObject: {fileID: 0}
  m_PrefabInternal: {fileID: 100100000}
  m_GameObject: {fileID: 1955543747584820}
  m_LocalRotation: {x: 0.014841594, y: 0.010630234, z: 0.37531254, w: 0.92671853}
  m_LocalPosition: {x: -0.10139333, y: -0.0012892623, z: -0.0051742964}
  m_LocalScale: {x: 1.0000116, y: 0.9999887, z: 0.99999994}
  m_Children:
  - {fileID: 4322165783510484}
  m_Father: {fileID: 4942998596707016}
  m_RootOrder: 2
  m_LocalEulerAnglesHint: {x: 0, y: 0, z: 0}
--- !u!4 &4634847755306244
Transform:
  m_ObjectHideFlags: 1
  m_PrefabParentObject: {fileID: 0}
  m_PrefabInternal: {fileID: 100100000}
  m_GameObject: {fileID: 1901941215314128}
  m_LocalRotation: {x: -5.302452e-33, y: 0.7071068, z: 5.302452e-33, w: 0.7071068}
  m_LocalPosition: {x: 0.011001654, y: 1.6032419, z: 0.18598884}
  m_LocalScale: {x: 1, y: 1, z: 1}
  m_Children: []
  m_Father: {fileID: 4295508952140242}
  m_RootOrder: 1
  m_LocalEulerAnglesHint: {x: 0, y: 0, z: 0}
--- !u!4 &4637444036116134
Transform:
  m_ObjectHideFlags: 1
  m_PrefabParentObject: {fileID: 0}
  m_PrefabInternal: {fileID: 100100000}
  m_GameObject: {fileID: 1228596938773220}
  m_LocalRotation: {x: -0.00041213623, y: 0.016197816, z: 0.12805127, w: 0.9916352}
  m_LocalPosition: {x: -0.4537803, y: 0.0000024980307, z: 0.00000009689331}
  m_LocalScale: {x: 1.0000094, y: 0.9999999, z: 0.9999908}
  m_Children:
  - {fileID: 4949518528987146}
  m_Father: {fileID: 4936991873125938}
  m_RootOrder: 0
  m_LocalEulerAnglesHint: {x: 0, y: 0, z: 0}
--- !u!4 &4655846858926142
Transform:
  m_ObjectHideFlags: 1
  m_PrefabParentObject: {fileID: 0}
  m_PrefabInternal: {fileID: 100100000}
  m_GameObject: {fileID: 1912585885073122}
  m_LocalRotation: {x: -0.28913254, y: 0.455114, z: -0.46206883, w: 0.70410657}
  m_LocalPosition: {x: -0.14276904, y: 0, z: -0.00000009689331}
  m_LocalScale: {x: 1.0000005, y: 0.9999978, z: 1.0000021}
  m_Children:
  - {fileID: 4183642536315236}
  m_Father: {fileID: 4768267437729256}
  m_RootOrder: 0
  m_LocalEulerAnglesHint: {x: 0, y: 0, z: 0}
--- !u!4 &4693421690634494
Transform:
  m_ObjectHideFlags: 1
  m_PrefabParentObject: {fileID: 0}
  m_PrefabInternal: {fileID: 100100000}
  m_GameObject: {fileID: 1079366853740352}
  m_LocalRotation: {x: -0.02119536, y: 0.025356812, z: 0.47503185, w: 0.8793478}
  m_LocalPosition: {x: -0.02828501, y: 0.00000009689331, z: 0}
  m_LocalScale: {x: 1.0000107, y: 0.99998933, z: 1.0000002}
  m_Children:
  - {fileID: 4780054027296928}
  m_Father: {fileID: 4611002616504916}
  m_RootOrder: 0
  m_LocalEulerAnglesHint: {x: 0, y: 0, z: 0}
--- !u!4 &4707829062955030
Transform:
  m_ObjectHideFlags: 1
  m_PrefabParentObject: {fileID: 0}
  m_PrefabInternal: {fileID: 100100000}
  m_GameObject: {fileID: 1279459914858098}
  m_LocalRotation: {x: -0.0038535544, y: 0.008487069, z: 0.3474908, w: 0.9376371}
  m_LocalPosition: {x: -0.02423321, y: 0, z: -0.00000009689331}
  m_LocalScale: {x: 0.9999838, y: 0.9999921, z: 1.0000237}
  m_Children: []
  m_Father: {fileID: 4113206283375928}
  m_RootOrder: 0
  m_LocalEulerAnglesHint: {x: 0, y: 0, z: 0}
--- !u!4 &4711521483413262
Transform:
  m_ObjectHideFlags: 1
  m_PrefabParentObject: {fileID: 0}
  m_PrefabInternal: {fileID: 100100000}
  m_GameObject: {fileID: 1073667542753094}
  m_LocalRotation: {x: 0.007773539, y: 0.0015327648, z: 0.10105088, w: 0.99484974}
  m_LocalPosition: {x: -0.03479446, y: 0, z: 0}
  m_LocalScale: {x: 0.9999945, y: 1.0000058, z: 1}
  m_Children:
  - {fileID: 4858339749662724}
  m_Father: {fileID: 4812190808244570}
  m_RootOrder: 0
  m_LocalEulerAnglesHint: {x: 0, y: 0, z: 0}
--- !u!4 &4713034998998926
Transform:
  m_ObjectHideFlags: 1
  m_PrefabParentObject: {fileID: 0}
  m_PrefabInternal: {fileID: 100100000}
  m_GameObject: {fileID: 1979074993883692}
  m_LocalRotation: {x: -0.6340336, y: 0.05991183, z: 0.069557086, w: 0.7678371}
  m_LocalPosition: {x: -0.24999249, y: 0.00000009689331, z: 0}
  m_LocalScale: {x: 0.9999985, y: 0.99998736, z: 1.0000132}
  m_Children:
  - {fileID: 4305724039760600}
  - {fileID: 4514335992693166}
  - {fileID: 4882055836372166}
  - {fileID: 4343145987307036}
  - {fileID: 4166003550312090}
  m_Father: {fileID: 4183642536315236}
  m_RootOrder: 1
  m_LocalEulerAnglesHint: {x: 0, y: 0, z: 0}
--- !u!4 &4768267437729256
Transform:
  m_ObjectHideFlags: 1
  m_PrefabParentObject: {fileID: 0}
  m_PrefabInternal: {fileID: 100100000}
  m_GameObject: {fileID: 1510224646897052}
  m_LocalRotation: {x: -0.024709914, y: 0.77267027, z: -0.023125008, w: 0.6339048}
  m_LocalPosition: {x: -0.13595691, y: -0.010296493, z: 0.04655161}
  m_LocalScale: {x: 1.0000001, y: 0.9999999, z: 0.99999994}
  m_Children:
  - {fileID: 4655846858926142}
  m_Father: {fileID: 4912701501247156}
  m_RootOrder: 0
  m_LocalEulerAnglesHint: {x: 0, y: 0, z: 0}
--- !u!4 &4774961691604618
Transform:
  m_ObjectHideFlags: 1
  m_PrefabParentObject: {fileID: 0}
  m_PrefabInternal: {fileID: 100100000}
  m_GameObject: {fileID: 1993051691055276}
  m_LocalRotation: {x: 0.02423385, y: -0.76465863, z: -0.023131818, w: 0.64356416}
  m_LocalPosition: {x: -0.13595681, y: -0.010296493, z: -0.04655163}
  m_LocalScale: {x: 1, y: 1.0000001, z: 1}
  m_Children:
  - {fileID: 4514334161426228}
  m_Father: {fileID: 4912701501247156}
  m_RootOrder: 2
  m_LocalEulerAnglesHint: {x: 0, y: 0, z: 0}
--- !u!4 &4777009931072518
Transform:
  m_ObjectHideFlags: 1
  m_PrefabParentObject: {fileID: 0}
  m_PrefabInternal: {fileID: 100100000}
  m_GameObject: {fileID: 1053888268028854}
  m_LocalRotation: {x: -0.004993998, y: -0.03215702, z: 0.18808801, w: 0.9816129}
  m_LocalPosition: {x: -0.045030873, y: 0, z: 0}
  m_LocalScale: {x: 0.9999946, y: 0.99999976, z: 1.0000056}
  m_Children:
  - {fileID: 4488376840174214}
  m_Father: {fileID: 4993068697625362}
  m_RootOrder: 0
  m_LocalEulerAnglesHint: {x: 0, y: 0, z: 0}
--- !u!4 &4780054027296928
Transform:
  m_ObjectHideFlags: 1
  m_PrefabParentObject: {fileID: 0}
  m_PrefabInternal: {fileID: 100100000}
  m_GameObject: {fileID: 1518630461183008}
  m_LocalRotation: {x: -0.009360639, y: -0.014967211, z: 0.3031714, w: 0.9527725}
  m_LocalPosition: {x: -0.030995395, y: -0.00000009689331, z: 0}
  m_LocalScale: {x: 0.99999875, y: 1.0000014, z: 1.0000001}
  m_Children: []
  m_Father: {fileID: 4693421690634494}
  m_RootOrder: 0
  m_LocalEulerAnglesHint: {x: 0, y: 0, z: 0}
--- !u!4 &4800642769152324
Transform:
  m_ObjectHideFlags: 1
  m_PrefabParentObject: {fileID: 0}
  m_PrefabInternal: {fileID: 100100000}
  m_GameObject: {fileID: 1124776315662878}
  m_LocalRotation: {x: 0.06365615, y: 0.021887623, z: 0.3717929, w: 0.92587197}
  m_LocalPosition: {x: -0.09734638, y: -0.0039437516, z: 0.038371205}
  m_LocalScale: {x: 1.0000116, y: 0.9999888, z: 1.0000001}
  m_Children:
  - {fileID: 4302691054045842}
  m_Father: {fileID: 4942998596707016}
  m_RootOrder: 1
  m_LocalEulerAnglesHint: {x: 0, y: 0, z: 0}
--- !u!4 &4804236404956668
Transform:
  m_ObjectHideFlags: 1
  m_PrefabParentObject: {fileID: 0}
  m_PrefabInternal: {fileID: 100100000}
  m_GameObject: {fileID: 1641536450160884}
  m_LocalRotation: {x: 0.50000066, y: -0.50000066, z: -0.49999934, w: 0.49999934}
  m_LocalPosition: {x: 0, y: 0, z: 0}
  m_LocalScale: {x: 1, y: 1, z: 1}
  m_Children:
  - {fileID: 4092441245186528}
  m_Father: {fileID: 4295508952140242}
  m_RootOrder: 5
  m_LocalEulerAnglesHint: {x: 0, y: 0, z: 0}
--- !u!4 &4812190808244570
Transform:
  m_ObjectHideFlags: 1
  m_PrefabParentObject: {fileID: 0}
  m_PrefabInternal: {fileID: 100100000}
  m_GameObject: {fileID: 1846071244425148}
  m_LocalRotation: {x: -0.029430358, y: 0.048015285, z: 0.2779089, w: 0.9589552}
  m_LocalPosition: {x: -0.09794179, y: 0.0011491546, z: -0.03131456}
  m_LocalScale: {x: 0.99999803, y: 1.0000024, z: 1}
  m_Children:
  - {fileID: 4711521483413262}
  m_Father: {fileID: 4942998596707016}
  m_RootOrder: 0
  m_LocalEulerAnglesHint: {x: 0, y: 0, z: 0}
--- !u!4 &4822903999853366
Transform:
  m_ObjectHideFlags: 1
  m_PrefabParentObject: {fileID: 0}
  m_PrefabInternal: {fileID: 100100000}
  m_GameObject: {fileID: 1724102536542634}
  m_LocalRotation: {x: -0.000650858, y: -0.0008696728, z: 0.12704523, w: 0.99189633}
  m_LocalPosition: {x: -0.45378047, y: 0.000002549505, z: 0.00000020589829}
  m_LocalScale: {x: 0.99999905, y: 1, z: 1.0000008}
  m_Children:
  - {fileID: 4150938853371162}
  m_Father: {fileID: 4116396745380112}
  m_RootOrder: 0
  m_LocalEulerAnglesHint: {x: 0, y: 0, z: 0}
--- !u!4 &4844224501303112
Transform:
  m_ObjectHideFlags: 1
  m_PrefabParentObject: {fileID: 0}
  m_PrefabInternal: {fileID: 100100000}
  m_GameObject: {fileID: 1888984772060524}
  m_LocalRotation: {x: -0.00032637446, y: 0.0009975429, z: -0.3256777, w: 0.9454803}
  m_LocalPosition: {x: -0.17033587, y: -0.000000018167496, z: 0.000000012111664}
  m_LocalScale: {x: 0.99999976, y: 1.0000001, z: 0.99999994}
  m_Children: []
  m_Father: {fileID: 4150938853371162}
  m_RootOrder: 0
  m_LocalEulerAnglesHint: {x: 0, y: 0, z: 0}
--- !u!4 &4858339749662724
Transform:
  m_ObjectHideFlags: 1
  m_PrefabParentObject: {fileID: 0}
  m_PrefabInternal: {fileID: 100100000}
  m_GameObject: {fileID: 1950316494318270}
  m_LocalRotation: {x: 0.009724188, y: 0.03227077, z: 0.3378039, w: 0.9406129}
  m_LocalPosition: {x: -0.0237969, y: 0.00000009689331, z: 0.00000009689331}
  m_LocalScale: {x: 0.9999902, y: 1.0000099, z: 0.99999994}
  m_Children: []
  m_Father: {fileID: 4711521483413262}
  m_RootOrder: 0
  m_LocalEulerAnglesHint: {x: 0, y: 0, z: 0}
--- !u!4 &4882055836372166
Transform:
  m_ObjectHideFlags: 1
  m_PrefabParentObject: {fileID: 0}
  m_PrefabInternal: {fileID: 100100000}
  m_GameObject: {fileID: 1970371648609598}
  m_LocalRotation: {x: -0.01110424, y: -0.025076209, z: 0.3861153, w: 0.9220428}
  m_LocalPosition: {x: -0.10110003, y: 0.0029874146, z: 0.0068513257}
  m_LocalScale: {x: 1.000007, y: 0.9999692, z: 1.000024}
  m_Children:
  - {fileID: 4113206283375928}
  m_Father: {fileID: 4713034998998926}
  m_RootOrder: 2
  m_LocalEulerAnglesHint: {x: 0, y: 0, z: 0}
--- !u!4 &4912701501247156
Transform:
  m_ObjectHideFlags: 1
  m_PrefabParentObject: {fileID: 0}
  m_PrefabInternal: {fileID: 100100000}
  m_GameObject: {fileID: 1724914588275670}
  m_LocalRotation: {x: 2.6715748e-12, y: 0.000000016714923, z: -4.4655164e-20, w: 1}
  m_LocalPosition: {x: -0.21808039, y: 0, z: -1.8480932e-13}
  m_LocalScale: {x: 0.99999994, y: 1, z: 0.99999994}
  m_Children:
  - {fileID: 4768267437729256}
  - {fileID: 4975782687752244}
  - {fileID: 4774961691604618}
  m_Father: {fileID: 4059734114935734}
  m_RootOrder: 0
  m_LocalEulerAnglesHint: {x: 0, y: 0, z: 0}
--- !u!4 &4936991873125938
Transform:
  m_ObjectHideFlags: 1
  m_PrefabParentObject: {fileID: 0}
  m_PrefabInternal: {fileID: 100100000}
  m_GameObject: {fileID: 1663883335144954}
  m_LocalRotation: {x: -0.02107714, y: 0.9995793, z: -0.0036403094, w: -0.019588964}
  m_LocalPosition: {x: -0, y: 0.00000017608428, z: -0.09406086}
  m_LocalScale: {x: 1, y: 1.0000001, z: 0.99999994}
  m_Children:
  - {fileID: 4637444036116134}
  m_Father: {fileID: 4092441245186528}
  m_RootOrder: 1
  m_LocalEulerAnglesHint: {x: 0, y: 0, z: 0}
--- !u!4 &4942998596707016
Transform:
  m_ObjectHideFlags: 1
  m_PrefabParentObject: {fileID: 0}
  m_PrefabInternal: {fileID: 100100000}
  m_GameObject: {fileID: 1449279764560986}
  m_LocalRotation: {x: 0.7079874, y: -0.08317759, z: 0.036397923, w: 0.70036453}
  m_LocalPosition: {x: -0.25597614, y: 0, z: -0.000000048446655}
  m_LocalScale: {x: 1.0000057, y: 0.99999475, z: 1}
  m_Children:
  - {fileID: 4812190808244570}
  - {fileID: 4800642769152324}
  - {fileID: 4627706664741160}
  - {fileID: 4611002616504916}
  - {fileID: 4993068697625362}
  - {fileID: 4995050064026674}
  m_Father: {fileID: 4487330500560402}
  m_RootOrder: 1
  m_LocalEulerAnglesHint: {x: 0, y: 0, z: 0}
--- !u!4 &4949518528987146
Transform:
  m_ObjectHideFlags: 1
  m_PrefabParentObject: {fileID: 0}
  m_PrefabInternal: {fileID: 100100000}
  m_GameObject: {fileID: 1685655772641488}
  m_LocalRotation: {x: 0.21294984, y: 0.041207954, z: -0.5130607, w: 0.83049566}
  m_LocalPosition: {x: -0.41704184, y: 0.000000006055832, z: 0.000000012111664}
  m_LocalScale: {x: 1.0000077, y: 0.99999434, z: 0.9999982}
  m_Children:
  - {fileID: 4312783551161058}
  m_Father: {fileID: 4637444036116134}
  m_RootOrder: 0
  m_LocalEulerAnglesHint: {x: 0, y: 0, z: 0}
--- !u!4 &4975782687752244
Transform:
  m_ObjectHideFlags: 1
  m_PrefabParentObject: {fileID: 0}
  m_PrefabInternal: {fileID: 100100000}
  m_GameObject: {fileID: 1017732558268236}
  m_LocalRotation: {x: -0.0000010389195, y: 0.000005360612, z: -0.21189384, w: 0.9772927}
  m_LocalPosition: {x: -0.1377692, y: -0.025584206, z: -0.00000004209291}
  m_LocalScale: {x: 0.9999999, y: 0.99999994, z: 0.99999994}
  m_Children:
  - {fileID: 4600485113195864}
  m_Father: {fileID: 4912701501247156}
  m_RootOrder: 1
  m_LocalEulerAnglesHint: {x: 0, y: 0, z: 0}
--- !u!4 &4993068697625362
Transform:
  m_ObjectHideFlags: 1
  m_PrefabParentObject: {fileID: 0}
  m_PrefabInternal: {fileID: 100100000}
  m_GameObject: {fileID: 1744768943401136}
  m_LocalRotation: {x: -0.6700116, y: -0.29863575, z: -0.052464064, w: 0.6776051}
  m_LocalPosition: {x: -0.015644781, y: -0.017833117, z: -0.025121335}
  m_LocalScale: {x: 0.99999756, y: 0.9999988, z: 1.0000039}
  m_Children:
  - {fileID: 4777009931072518}
  m_Father: {fileID: 4942998596707016}
  m_RootOrder: 4
  m_LocalEulerAnglesHint: {x: 0, y: 0, z: 0}
--- !u!4 &4995050064026674
Transform:
  m_ObjectHideFlags: 1
  m_PrefabParentObject: {fileID: 0}
  m_PrefabInternal: {fileID: 100100000}
  m_GameObject: {fileID: 1234876897554172}
  m_LocalRotation: {x: 0.97698313, y: 0.18953413, z: -0.09623434, w: -0.017883666}
  m_LocalPosition: {x: -0.076872244, y: -0.02698559, z: -0.008505361}
  m_LocalScale: {x: 0.9999864, y: 1.0000012, z: 1.0000126}
  m_Children: []
  m_Father: {fileID: 4942998596707016}
  m_RootOrder: 5
  m_LocalEulerAnglesHint: {x: 0, y: 0, z: 0}
--- !u!137 &137357604233090140
SkinnedMeshRenderer:
  m_ObjectHideFlags: 1
  m_PrefabParentObject: {fileID: 0}
  m_PrefabInternal: {fileID: 100100000}
  m_GameObject: {fileID: 1204728666365128}
  m_Enabled: 1
  m_CastShadows: 1
  m_ReceiveShadows: 1
  m_MotionVectors: 1
  m_LightProbeUsage: 1
  m_ReflectionProbeUsage: 1
  m_Materials:
  - {fileID: 2100000, guid: 20691e97c267cbb469a92852de21818e, type: 2}
  m_StaticBatchInfo:
    firstSubMesh: 0
    subMeshCount: 0
  m_StaticBatchRoot: {fileID: 0}
  m_ProbeAnchor: {fileID: 0}
  m_LightProbeVolumeOverride: {fileID: 0}
  m_ScaleInLightmap: 1
  m_PreserveUVs: 0
  m_IgnoreNormalsForChartDetection: 0
  m_ImportantGI: 0
  m_SelectedEditorRenderState: 3
  m_MinimumChartSize: 4
  m_AutoUVMaxDistance: 0.5
  m_AutoUVMaxAngle: 89
  m_LightmapParameters: {fileID: 0}
  m_SortingLayerID: 0
  m_SortingOrder: 0
  serializedVersion: 2
  m_Quality: 0
  m_UpdateWhenOffscreen: 0
  m_SkinnedMotionVectors: 1
  m_Mesh: {fileID: 4300000, guid: 462f1d2d49d201b46ae7185ecdc7d0ce, type: 3}
  m_Bones:
  - {fileID: 4713034998998926}
  - {fileID: 4166003550312090}
  - {fileID: 4539378011885662}
  - {fileID: 4305724039760600}
  - {fileID: 4529061040517720}
  - {fileID: 4313761512417082}
  - {fileID: 4514335992693166}
  - {fileID: 4882055836372166}
  - {fileID: 4343145987307036}
  - {fileID: 4427778195100020}
  - {fileID: 4376122783391222}
  - {fileID: 4183642536315236}
  - {fileID: 4113206283375928}
  - {fileID: 4155556985309194}
  - {fileID: 4069265467749378}
  - {fileID: 4252985358717622}
  - {fileID: 4125252489114424}
  - {fileID: 4707829062955030}
  m_BlendShapeWeights: []
  m_RootBone: {fileID: 4183642536315236}
  m_AABB:
    m_Center: {x: -0.2979692, y: 0.0015509427, z: 0.026148034}
    m_Extent: {x: 0.09274316, y: 0.06934732, z: 0.07461694}
  m_DirtyAABB: 0
